2121 3546
557 225 591 269 942

144 350 237 387 collectas
249 351 269 386 et
280 349 422 386 exorcissmum
433 348 453 390 a)
465 348 512 385 salis
523 351 544 385 et
555 358 605 392 aque
616 351 637 385 et
648 348 764 393 prophetias
776 351 796 385 et
808 348 999 387 commendationem

143 400 265 443 conscripsit.
284 399 320 436 Hic
338 399 486 444 collectaneum,
505 399 558 442 quod
576 400 595 436 in
614 398 686 437 dextro
705 398 766 437 choro
785 401 821 444 est,
839 410 876 444 pro
895 399 1005 438 senioribus

145 450 266 494 conscripsit.
277 449 313 486 Hic
321 450 383 489 ,etiam
394 450 454 486 vitam
465 451 485 486 et
495 450 571 486 obitum
581 448 689 486 Hermanni
719 449 794 493 loseph
801 449 809 469 1
816 460 838 487 ac
845 453 922 493 partem
929 450 954 487 de
961 451 1001 487 vita

144 497 207 534 Siardi
220 498 304 541 scripsit.
317 497 354 534 Hic
367 499 426 534 etiam
440 498 586 540 expositionem
599 498 692 541 Magistri
706 497 809 534 Humberti
824 497 898 534 ordinis
912 498 1002 534 Predica-

143 549 209 583 torum
223 546 230 568 ²
244 555 303 590 super
318 555 407 588 reguiam
421 545 477 581 Beati
492 545 597 589 Augustini
611 555 683 589 magna
698 556 723 581 ex
737 548 795 589 parte
809 546 932 591 conscripsit,
947 555 1005 589 quam

143 596 244 633 lohannes
262 596 286 631 de
304 595 385 638 Lynden
403 596 457 638 prior
475 606 536 638 usque
555 596 574 632 in
592 596 654 632 finem
672 595 776 633 scribendo
795 594 893 641 perduxit,
912 595 1005 639 quoniam

143 646 220 691 Paulus,
237 647 256 683 in
273 646 365 683 abbatem
381 649 490 691 promotus,
507 648 590 689 propter
606 646 693 684 diversas
710 647 851 689 occupationes
868 656 1005 683 consummare

143 707 183 733 non
196 697 266 740 potnit
280 696 329 733 Item
342 699 361 732 et
374 696 435 733 multa
448 696 486 732 alia
499 697 621 742 conscripsit,
634 706 672 740 que
684 706 724 734 non
738 699 822 740 possunt
835 696 865 733 hic
878 707 914 741 per
926 697 1005 741 singula

144 747 258 784 enumerari.
273 746 310 783 Hic
325 747 384 783 etiam
399 746 496 789 quendam
510 747 628 791 scriptorem
643 747 751 785 secularem
766 746 867 792 conduxit,
883 748 915 791 qui
930 747 1003 785 fratres

143 796 228 832 scribere
240 795 335 839 doceret;
354 798 375 831 et
387 795 417 831 bic
430 794 491 838 script
492 805 515 832 or
528 795 576 832 illud
588 805 671 838 parvum
683 795 767 840 missale,
781 795 834 838 quod
846 795 866 832 in
880 796 956 839 capella
969 799 1004 840 est,

143 847 227 889 scripsit.
214 844 275 882 tHic
287 845 392 883 Paulust
372 855 382 880 e
384 846 431 882 tiam
443 855 489 882 suos
502 845 575 883 fratres
588 845 612 881 ad
624 845 748 882 scribendum
761 845 906 891 antiphonaria,
919 847 1003 890 gradua

144 895 174 939 lia,
186 894 278 938 missalia,
289 894 327 930 lect
328 894 407 938 ionalia,
419 893 589 937 processionalia'
584 896 624 930 mst
625 894 718 937 igavitet
698 893 811 931 etinduxit
823 893 860 930 Hic
871 895 930 931 etiam
942 895 1003 933 libros

144 945 228 980 convent
220 943 289 986 tuales,
303 944 333 978 ret
335 951 357 979 ro
325 922 466 979 tcarbones
480 942 567 979 abiectos
580 943 600 979 in
614 952 690 979 camera
703 942 773 978 sacrist
774 951 785 977 e
765 942 834 980 tsub
847 945 901 980 tecto
914 943 1003 980 stillante

143 993 234 1035 iacentes,
247 990 351 1033 recollegit
362 993 382 1026 et
393 990 490 1034 religavit,
502 1000 524 1026 ac
536 990 636 1027 clausuras
648 992 668 1026 et
679 1000 731 1029 nova
743 990 861 1033 coopercula
873 990 911 1027 illis
923 991 1004 1028 eircum-

143 1040 203 1086 dedit,
215 1043 235 1077 et
246 1040 329 1077 fratrem
341 1039 475 1077 Hermannum
487 1039 512 1076 de
523 1039 658 1083 Harderwiick
670 1040 694 1076 ad
706 1038 814 1084 Regulares
826 1041 846 1077 in
859 1041 946 1085 Bargum
958 1043 966 1065 ³
978 1042 1003 1078 de

143 1090 221 1126 licentia
232 1089 309 1126 abbatis
319 1088 428 1125 transmisit
438 1098 473 1132 per
484 1089 560 1131 aliquot
570 1091 653 1133 tempus,
664 1091 686 1125 ut
696 1088 723 1125 ibi
734 1089 862 1132 compingere
873 1091 894 1126 et
900 1090 1001 1129 clausuras

143 1140 209 1176 facere
224 1139 314 1176 disceret.
329 1137 368 1181 Qui
383 1138 514 1183 Hermannus,
530 1139 554 1174 ad
570 1142 688 1176 conventum
703 1149 760 1175 suum
776 1139 858 1184 rediens,
875 1139 936 1176 multa
952 1140 1004 1176 bona

143 1190 194 1226 circa
204 1189 282 1226 codices
291 1189 300 1225 f
302 1189 344 1225 ecit.

145 1239 181 1276 Hic
192 1240 252 1276 etiam
266 1239 339 1277 Paulus
353 1249 412 1282 super
426 1239 521 1276 solarium
535 1238 606 1277 domus
621 1239 744 1282 capittularis
758 1242 799 1277 tres
815 1240 890 1283 ligneas
906 1240 965 1276 cellas
981 1241 1001 1276 in

146 1290 245 1326 librariam
260 1290 351 1334 instituit,
367 1289 462 1327 interiora
478 1289 587 1326 intersticia
603 1289 719 1333 effringens,
736 1290 848 1328 ac-codices
859 1290 999 1328 conventuales

142 1340 215 1376 ibidem
225 1340 355 1377 reservandos
365 1339 476 1384 collocavit,
486 1341 560 1376 faciens
571 1339 655 1383 desuper
666 1342 739 1376 tectum
750 1338 892 1376 harundineum
903 1339 939 1375 sub
950 1341 1004 1376 tecto

143 1390 222 1433 petrino
234 1392 317 1434 propter
327 1390 403 1433 pluvias
415 1392 435 1426 et
445 1391 505 1434 nives,
517 1399 576 1433 quum
587 1389 635 1427 illud
646 1392 720 1427 tectum
732 1389 831 1433 petrinum
843 1399 903 1432 aquas
915 1392 1004 1426 avertere

142 1440 264 1483 nonpotuit.

143 1491 249 1528 Hicetiam
272 1489 400 1527 solitudinem
416 1490 521 1533 plurimum
538 1489 641 1535 adamavit,
658 1489 730 1534 dicens,
747 1489 800 1532 quod
817 1489 899 1533 angelus
916 1492 963 1526 tunc
980 1488 1004 1526 ad

143 1539 226 1576 Mariam
238 1540 297 1585 venit,
311 1550 370 1583 quum
383 1550 426 1577 eam
438 1540 502 1577 solam
515 1541 595 1577 invenit.
609 1539 645 1577 Hic
657 1539 783 1577 ociositatem
795 1540 869 1577 fratres
881 1550 928 1577 suos
941 1541 1004 1577 vitare

143 1589 215 1627 docuit.
232 1589 268 1626 Hic
285 1592 370 1627 maxime
386 1590 463 1628 sobrius
480 1590 518 1626 fuit
533 1601 570 1626 nec
586 1590 658 1626 iratres
675 1600 722 1628 suos
739 1591 818 1633 equales
835 1590 916 1626 haustus
933 1594 1004 1635 potare

143 1640 236 1677 sustinuit
250 1651 286 1677 nec
300 1640 394 1684 permisit.
409 1640 445 1677 Hic
460 1641 520 1677 etiam
533 1641 553 1676 in
567 1640 693 1684 iniungendis
707 1640 820 1685 penitentiis
835 1640 892 1677 valde
907 1640 1003 1679 discretus

142 1689 186 1725 tuit.
199 1688 260 1725 Fores
273 1691 292 1725 et
304 1688 402 1725 fenestras
414 1689 434 1725 in
447 1689 509 1725 ianuis
522 1688 622 1734 pependit,
635 1689 668 1725 ubi
681 1698 721 1726 non
735 1691 796 1733 erant,
810 1691 830 1725 et
843 1689 904 1725 multa
918 1689 955 1725 alia
969 1699 1005 1732 per

142 1740 207 1782 ipsum
220 1739 339 1784 factasunt,
354 1749 391 1782 que
405 1749 445 1776 non
459 1741 544 1782 possunt
557 1738 588 1776 hic
602 1739 669 1776 omnia
683 1739 794 1775 conscribi:
815 1739 915 1782 quomodo
930 1739 1005 1776 scilicet

144 1789 227 1832 gradum
238 1788 311 1826 dormit
312 1789 349 1827 orii
361 1800 383 1825 ac
394 1790 472 1826 ianuam
482 1790 509 1825 ibi
520 1790 629 1833 constituit,
640 1789 673 1825 ubi
684 1799 736 1825 nunc
747 1791 799 1834 sunt,
808 1793 844 1827 e.tc

143 1839 195 1877 Octo
211 1839 266 1875 annis
281 1840 309 1876 sic
324 1840 343 1876 iu
359 1840 436 1883 priorat
436 1849 449 1875 ιι
428 1839 589 1876 tlaudabiliter
604 1839 697 1884 decursis
713 1838 804 1877 dominus
819 1838 875 1876 Tako
892 1837 975 1875 eundem
992 1848 1003 1874 a

143 1889 219 1946 priorat
220 1898 232 1923 ιι
211 1888 354 1933 tabsolvit,a
344 1891 402 1930 atque
412 1888 432 1923 in
443 1888 566 1931 provisorem
576 1888 697 1925 exteriorum
708 1898 752 1924 eum
763 1887 864 1931 promovit
875 1889 895 1923 et
905 1886 1004 1930 instituit:

143 1939 162 1974 in
179 1948 217 1980 qua
233 1937 324 1981 (scilicetz
340 1938 462 1982 provisione)
479 1937 500 1979 bl
516 1948 537 1974 se
553 1940 633 1974 strenue
649 1937 717 1974 babuit
709 1941 756 1974 tac
772 1947 873 1973 numerum
891 1937 1003 1973 animalium

143 1986 224 2022 adauxit
216 1988 229 2021 t.
240 1985 344 2021 Tandem
339 1996 359 2021 m
371 1988 441 2028 quarto
453 1995 506 2022 anno
518 1988 612 2029 egrotare
623 1985 681 2030 cepit,
692 1987 792 2029 quapropt
793 1995 814 2021 er
784 1984 903 2022 tabsolvi
914 1985 973 2029 petiit
985 1986 1005 2021 et

143 2036 261 2080 impetravit.
279 2035 366 2072 Tandem
385 2036 527 2079 aliquantulum
546 2037 684 2072 convalescens
703 2036 722 2072 in
741 2036 1004 2072 infirmariuminstituitur.
1039 2050 1041 2055 v

141 2085 245 2123 Postremo
255 2086 335 2124 domino
344 2085 426 2123 Takone
434 2086 525 2122 officium
533 2086 574 2124 sive
583 2085 701 2129 dignitatem
710 2086 786 2122 abbatis
796 2086 915 2130 resignante,
925 2085 1002 2130 Paulus,

142 2135 171 2171 uti
181 2135 313 2178 prescriptum
324 2137 359 2179 est,
370 2134 390 2170 in
401 2134 492 2171 abbatem
503 2135 588 2177 eligitur.

142 2184 187 2229 Qui,
200 2185 353 2222 confirmatione
366 2187 387 2220 et
399 2184 537 2221 benedictione
550 2184 641 2229 acceptis,
654 2183 781 2227 premeditari
795 2184 853 2229 cepit,
866 2194 925 2227 quam
938 2185 1004 2227 gravis

142 2235 219 2272 sarcina
236 2234 297 2272 dorso
314 2235 344 2270 sui
361 2235 461 2272 interioris
479 2234 564 2272 bominis
581 2233 606 2270 de
623 2234 747 2272 subditorum
765 2244 846 2271 suorum
865 2235 966 2272 animabus
984 2236 1005 2271 et

143 2285 265 2330 corporibus,
280 2286 320 2322 vita
335 2287 355 2321 et
370 2285 457 2322 moribus
472 2285 565 2327 imposita
580 2285 611 2329 sit,
627 2281 718 2328 cepitque
734 2294 800 2321 curam
815 2287 835 2321 et
847 2284 1000 2322 sollicitudinem

142 2345 223 2373 suorum
233 2334 357 2372 subditorum
368 2334 441 2372 habere
452 2334 573 2378 pervigilem.

142 2385 254 2423 Confestim
265 2386 324 2422 etiam
349 2388 390 2421 tam
407 2394 486 2421 manum
503 2394 561 2428 quam
577 2394 656 2422 sensum
673 2387 693 2421 et
710 2385 796 2421 animum
813 2384 838 2421 ad
855 2383 1004 2421 restaurandam

143 2435 238 2471 maiorem
254 2434 357 2472 eeclesiam
373 2435 473 2480 applicuit,
489 2437 510 2471 et
525 2434 653 2472 Davantriam
669 2435 771 2479 protectus
788 2435 850 2472 multa
867 2435 921 2478 ligna
938 2434 1004 2471 multis

166 2593 186 2636 a)
211 2594 248 2631 Sic.

166 2643 187 2687 b)
211 2644 232 2681 in
241 2645 336 2688 margine.

167 2744 174 2779 l
201 2742 254 2779 Eene
263 2744 289 2786 bij
298 2742 322 2780 de
332 2743 549 2782 Praemonstratensers
558 2755 602 2781 zeer
612 2744 698 2789 geliefde
707 2745 820 2789 biografie3
831 2746 859 2789 ιιι
869 2730 885 2783 is
895 2744 1002 2789 afgedrulrt

201 2791 241 2877 Alli.
254 2791 286 2829 SS.
295 2792 349 2878 d{oli
361 2792 372 2828 7
384 2793 445 2837 April,
457 2793 479 2838 X,
492 2793 531 2831 679.
544 2794 585 2830 Een
598 2794 689 2830 atschrift
701 2793 758 2830 komt
769 2804 819 2831 voor
831 2795 851 2831 in
864 2793 902 2830 den
915 2794 1003 2830 Brussel·

166 2893 177 2928 2
197 2852 359 2936 ’ῗιῗιειειιῐιεεεῗιιιιιιιιιι
376 2892 400 2929 de
418 2892 544 2930 dominilraan
563 2892 683 2932 Humbertus
701 2893 725 2930 de
743 2892 837 2934 Romanis
856 2892 961 2937 (Humbert
979 2894 1003 2931 de

158 2993 177 3052 Ἰ3
201 2941 419 3086 ξῗιὲιιῖῃᾰὸεξὶξῗῖιιιειε
432 2993 559 3031 kauunnixen
572 3004 610 3031 van
624 2992 651 3031 St.
666 2994 816 3040 Augustinust
818 3005 828 3032 e
842 2994 928 3041 Bergum
942 2993 1003 3039 (liet-

211 3052 232 3078 er
247 3052 300 3079 sera
315 3053 337 3079 ee
