2121 3546
559 225 589 272 70

142 347 224 396 schola
236 347 386 396 Harlemensi
398 350 528 395 instructus
540 347 657 395 Phrisiam
668 346 773 395 lustrans
785 347 906 405 religionis
919 365 1000 394 amore

143 409 310 455 inflammatur.
326 408 460 464 Aesgonem
474 407 583 454 abbatem
597 407 703 454 salutans
719 410 790 453 animi
805 411 946 453 sententiam
961 425 1001 453 ex·
1035 443 1037 449 s

141 471 216 529 plicat
227 488 231 525 ;
252 470 291 517 ille
304 470 405 516 hominis
417 469 529 516 facundia
542 469 683 523 delectatus,
697 469 767 516 adse
780 470 874 527 recipit;
888 474 1000 527 receptus

144 533 224 576 virtuti
238 534 261 576 et
274 529 348 575 literis
362 534 437 576 totum
451 534 524 575 semet
538 528 636 582 addixit,
651 528 734 586 quibus
749 533 840 574 tantum
854 529 961 585 profecit,
976 535 1002 575 ut

142 591 247 648 reliquos
264 590 335 637 facile
353 592 478 647 superarit.
498 591 609 637 Omnium
626 592 726 647 gratiam
745 595 769 637 et
787 591 895 637 favorem
913 592 1001 647 ingenii

145 651 246 704 solertia,
258 667 349 696 morum
359 649 476 707 probitate
488 655 511 696 et
522 652 593 696 animi
604 650 707 696 candore
718 656 824 704 venatus,
836 649 926 697 charusv
933 650 1003 696 valde

144 715 227 759 extitit
242 711 300 758 Erat
312 728 397 769 nempe
410 712 472 758 facie
486 712 592 766 decorus,
606 713 699 769 ingenio
714 716 803 768 aperto,
819 712 898 768 lingua
913 712 1003 758 fluente

143 773 206 820 dulci
221 779 246 820 et
260 775 348 830 jocosa.
364 772 506 820 Sacerdotis
522 773 650 820 decoratus
666 772 811 831 amplissimo
827 773 861 819 illi
876 791 907 820 ex
922 776 1001 832 patria

145 833 250 879 adfertur
268 850 298 878 ex
313 837 413 889 utroque
429 838 528 889 parente
545 833 656 879 defuncto
672 832 806 878 haereditas
823 835 1003 890 quingentorum

140 900 317 947 coronatorum,
327 894 408 951 quibus
418 897 520 951 acceptis
530 893 638 940 abbatem
647 894 781 950 Aesgonem
791 899 901 952 precatur
910 896 1001 948 obnixe,

142 956 166 999 in
178 970 245 1000 suurn
257 955 407 1002 commodum
418 956 471 1002 illos
483 961 509 1002 ut
521 961 617 1003 vertere
629 960 709 1014 queat,
723 955 776 1009 Quo
788 958 917 1014 impetrato
930 956 1000 1004 Colo·

144 1016 208 1058 niam
223 1014 349 1071 plerosque
366 1032 396 1060 err
412 1016 599 1061 antecessoribus
616 1018 719 1061 imitatus
737 1016 898 1073 proficiscitur.
905 1009 998 1073 ¹¹Studiis

145 1078 250 1130 gnaviter
264 1076 402 1130 insudando
417 1079 539 1134 utriusque
553 1093 668 1123 summam
681 1079 831 1134 consequitur
846 1077 1002 1134 prudentiam,

143 1152 205 1193 quae
220 1138 266 1193 ipsi
280 1138 433 1193 postmodum
447 1138 530 1184 habita
545 1139 670 1186 doctrinae
685 1140 786 1196 ratione,
802 1138 866 1185 haud
881 1139 1002 1184 minimam

145 1199 238 1241 maioris
253 1197 372 1252 dignitatis
387 1197 511 1243 adeundae
524 1200 671 1244 occasionem
686 1198 756 1244 dedit.
771 1197 874 1244 Rediens
890 1196 1003 1243 ecclesiae

142 1255 303 1304 Vinsomanae
311 1263 395 1315 pastor
405 1259 505 1315 eligitur.
515 1258 690 1306 Ecclesiasticis
700 1259 771 1307 rebus
780 1258 844 1306 bene
854 1261 943 1306 curatis
953 1257 1001 1304 col·

145 1315 199 1372 legii
211 1333 333 1363 sacrarum
342 1320 458 1373 virginum
468 1321 491 1363 in
503 1318 586 1376 Baiom
597 1323 621 1364 et
632 1321 696 1375 prior
708 1323 731 1364 et
743 1335 883 1364 oeconomus
896 1317 1004 1374 designa-

145 1383 189 1423 tur.
201 1377 268 1423 Hanc
277 1381 422 1435 provinciam
432 1379 510 1425 multis
520 1380 590 1425 rebus
601 1382 688 1436 optime
698 1380 866 1426 administratis
878 1380 1004 1436 plurimum

146 1440 254 1486 excoluit
268 1440 296 1485 D.
309 1440 408 1487 Vesselo
421 1445 556 1499 praeposito
569 1441 658 1488 Vineae
672 1442 765 1488 Domini
778 1442 896 1496 defuncto,
911 1444 961 1487 viro
974 1440 1004 1487 ob

146 1503 259 1558 insignem
282 1504 392 1548 virtutem
415 1520 539 1561 rerumque
563 1504 718 1560 gerendarum
734 1506 838 1549 innatam
854 1503 1005 1560 prudentiam

145 1563 271 1619 plurimum
282 1563 375 1618 dilecto,
386 1564 424 1610 hic
434 1582 492 1622 prae
503 1569 602 1611 caeteris
614 1566 720 1612 omnibus
732 1567 814 1622 dignus
828 1566 951 1622 judicatur,
964 1567 1005 1622 qui

143 1626 189 1681 ipsi
205 1625 327 1671 succedat.
669 1683 671 1685 .

143 1686 228 1733 Abbas
265 1685 356 1733 electus
393 1686 494 1732 eandem
531 1691 612 1732 servat
649 1691 674 1732 et
710 1686 853 1732 modestiam
890 1690 915 1732 et
951 1687 1002 1743 pie·

144 1750 226 1792 tatem.
244 1743 334 1791 Videns
352 1746 491 1791 monasterii
508 1744 665 1791 Lidlomensis
684 1747 792 1792 ruinosas
811 1744 891 1799 aedes,
911 1761 1002 1791 summo

146 1805 227 1851 labore
241 1810 263 1850 et
277 1805 393 1851 industria
406 1809 539 1849 restaurare
553 1806 641 1850 statuit.
657 1802 785 1850 Exordium
800 1821 894 1850 sumens
909 1804 938 1849 ab
953 1806 1005 1861 ipsa

146 1883 214 1912 sacra
232 1866 297 1920 aede,
316 1866 376 1911 hanc
394 1869 484 1922 integro
502 1870 564 1911 tecto
582 1882 643 1911 novo
661 1868 753 1922 petrino
772 1866 873 1922 supplet,
892 1865 956 1923 quod
975 1865 1005 1911 ab

141 1927 254 1983 Aesgone
264 1929 318 1985 piae
328 1929 457 1973 memoriae
466 1926 556 1974 abbate
565 1926 675 1973 relictum
683 1927 736 1981 fuit:
746 1931 795 1973 tres
805 1926 938 1974 testudines
948 1943 1003 1985 pos·

146 1989 243 2032 teriores
255 1986 374 2043 quondam
385 1986 480 2032 collisas
492 1991 516 2032 et
527 1986 627 2032 necdum
638 1989 759 2032 restitutas
772 1989 861 2043 magnis
875 1986 1005 2043 sumptibus

135 2047 253 2094 adductis
268 2047 342 2094 fabris
357 2050 466 2093 murariis
482 2049 557 2103 erigit,
574 2047 648 2094 semel
664 2052 759 2094 erectas
774 2050 866 2094 incuria
881 2047 1003 2094 fabrorum

145 2107 270 2164 collapsas,
281 2123 371 2153 summo
382 2107 506 2164 dispendio
516 2108 598 2152 maiori
608 2123 665 2152 cura
675 2107 758 2152 reficit.
771 2106 831 2153 Hinc
841 2107 944 2165 reliquas
956 2123 1004 2153 mo-

144 2171 241 2215 nasterii
256 2169 334 2221 aedes,
350 2168 441 2221 horrea,
459 2168 557 2222 stabula,
574 2173 715 2226 caeteraque
731 2172 809 2214 omnia
825 2171 873 2215 suis
890 2186 1004 2215 renovan-

144 2233 182 2274 tur
194 2229 222 2286 α)
234 2228 370 2285 sumptibus.

146 2286 197 2333 Hoc
221 2292 326 2344 tempore
350 2286 431 2333 incidit
448 2286 571 2332 salutifera
588 2286 629 2332 illa
646 2292 721 2333 status
738 2286 883 2343 reipublicae
898 2287 1005 2333 Phrisiae

146 2351 250 2394 mutatio.
265 2348 320 2394 Dux
333 2348 446 2394 Albertus
460 2347 578 2394 Saxonfae
593 2366 607 2394 a
621 2348 750 2406 Maiestate
765 2348 884 2394 Caesarea
897 2349 1004 2395 haeredi-

145 2413 230 2456 tariam
240 2427 334 2456 sumens
345 2410 451 2455 Phrisiae
462 2410 623 2456 defensionem
634 2427 695 2456 anno
706 2411 822 2467 redempti
832 2411 895 2456 orbis
902 2414 965 2457 >1498
976 2411 1004 2456 D.

145 2471 323 2518 Vilibrordum1
337 2471 568 2517 archicancellarium
580 2472 611 2517 ad
623 2472 785 2529 occupandam
796 2474 925 2532 praemittit
938 2472 1004 2518 Phri-

96 2552 98 2555 ’
144 2535 212 2586 siam;
226 2549 297 2590 quarn
310 2534 366 2580 dum
379 2536 403 2579 vi
416 2534 482 2579 videt
495 2536 609 2590 partitam
622 2538 695 2591 atque
709 2533 733 2579 id
746 2550 837 2580 summa
851 2533 1002 2589 difficultate,

144 2595 233 2649 magnis
251 2592 388 2649 sumptibus,
406 2592 506 2638 militum
523 2593 638 2639 industria
656 2592 742 2639 debere
760 2594 819 2647 fieri,
838 2593 866 2651 b)
883 2594 1004 2651 occupatis

145 2650 289 2708 Vestergoae
301 2651 396 2697 urbibus
410 2651 568 2707 Sciringianis,
582 2652 645 2698 solos
658 2651 835 2709 Vetcoperanos
848 2652 1004 2710 Leovardien-

146 2730 183 2759 ses
195 2713 299 2759 infensos
311 2713 398 2760 habuit,
411 2713 442 2759 Hi
454 2713 658 2770 Groninganorum
666 2713 743 2764 ,milite
754 2714 909 2771 praesidiario
921 2715 1005 2760 tumidi

167 2841 187 2882 a)
212 2840 237 2877 A:
248 2842 361 2877 renovatur.

167 2890 188 2931 1))
215 2887 287 2925 Omnes
300 2889 446 2931 Vestergoanas
458 2887 516 2923 urbes
527 2886 639 2922 voluntaria
651 2886 758 2922 traditione
769 2889 862 2930 occupat·

170 2987 178 3023 1
205 2986 324 3023 Willebrord
336 2995 373 3022 van
387 2984 528 3028 &baumburg
541 2985 571 3020 zie
583 2983 645 3027 Worp
658 2993 696 3020 van
708 2983 793 3028 Thabor,
807 2983 938 3033 Lceuwarden
953 2985 1004 3029 1850,

206 3035 236 3082 IV,
248 3036 296 3080 3003
315 3035 391 3072 Jancko
403 3033 527 3072 Douwama’s
539 3032 666 3079 geschriften,
679 3032 754 3071 Leeuw.
768 3034 819 3079 1849,
831 3034 857 3070 bl.
869 3035 897 3073 94.
952 3037 954 3039 '
