2121 3546
476 242 506 287 63

61 364 229 412 difficultatum
242 366 288 421 ipsi
301 381 354 411 cum
367 364 537 410 Roerdamanis
552 363 633 409 incidit
646 362 773 409 nobilibus.>
785 361 816 408 Hi
830 378 920 408 summo

62 431 119 485 jure,
133 443 163 472 ne
176 426 254 472 dicam
265 428 358 483 iniuria¹
373 443 456 473 munus
469 427 618 483 pastoritium
631 427 654 472 in
668 427 695 484 o)
708 423 852 477 Tzemarom.
866 423 920 469 Lid-

61 490 155 535 lomano
166 488 292 534 studebant
303 494 444 546 extorquere
456 490 604 534 monasterio.
617 487 663 533 Per
675 489 722 533 vim
733 488 853 543 occupatis
866 502 920 543 pas·

58 557 137 609 torum
147 549 246 596 aedibus
257 568 287 596 ex
297 550 396 607 arbitrio
407 550 479 596 alium
489 549 669 604 substituerunt,
680 550 708 595 D.
719 549 827 606 Eponem
837 565 881 605 per
892 564 918 593 se

59 613 134 657 virum
142 615 166 656 et
174 612 296 665 integrum.
305 609 345 656 Ad
353 609 412 656 haec
421 612 522 666 eripiunt
531 609 643 655 coenobio
652 608 737 655 multos
747 618 822 665 agros,
832 623 921 664 pascua

61 678 84 719 et
95 671 194 729 praedia
205 689 209 725 ;
230 671 255 717 id
265 688 322 718 vero
333 677 387 719 astu
398 689 488 718 summo
500 671 609 717 simulata
621 688 674 718 cum
685 674 775 728 integro
787 672 837 716 viro
850 668 920 727 Tjeb·

61 735 121 780 bone
134 733 307 780 necessitudine
321 734 352 780 ad
365 751 464 780 coenam
477 736 554 790 ipsum
567 739 659 779 vocant,
673 733 707 791 Eo
721 733 761 780 ubi
775 737 871 779 ventum
885 736 921 777 est

61 796 127 842 binas
144 795 247 842 habuere
263 801 359 853 paratas
377 796 457 842 literas
474 794 693 852 argumentiplane
711 795 803 848 diversi,
820 810 921 852 quarum

61 860 137 915 prima
149 858 338 914 pacificationem
351 858 381 904 ab
394 860 446 915 ipso
460 857 652 904 subscribendam
666 857 762 903 alterius
776 859 851 914 partis
865 872 920 901 con-

61 919 156 965 tinebat.
167 918 216 964 Has
227 919 282 965 dum
292 919 327 964 illi
336 919 516 966 subscribendas
527 925 667 977 proponunt¹
678 922 723 977 ipsi
733 924 818 976 parato
828 918 920 964 subtra-

61 982 125 1035 hunt.
139 980 183 1026 hoc
196 981 327 1027 addentes:
350 981 391 1036 „In
405 982 475 1036 abitu.
489 981 619 1027 reverende
631 987 705 1038 pater,
720 981 790 1027 facile
803 979 867 1026 fiet.''
882 979 921 1025 Sic

61 1043 228 1090 subducuntur.
241 1042 285 1089 Illo
297 1045 391 1090 interim
402 1061 432 1090 ex
444 1043 559 1090 industria
571 1043 631 1090 bene
643 1048 699 1101 poto
712 1043 801 1089 abitum
813 1046 919 1100 parante,

60 1103 148 1149 alteras
158 1102 281 1159 proferunt
291 1102 378 1157 literas,
389 1102 473 1160 quibus
483 1112 592 1160 magnam
602 1112 711 1159 agrorum
721 1107 814 1160 partem
823 1119 866 1160 pro
877 1118 920 1148 suo

63 1165 115 1219 jure
128 1162 175 1207 illis
189 1161 262 1207 libere
275 1163 389 1208 concedit,
404 1162 453 1207 Has
468 1179 514 1208 non
528 1162 635 1215 relectas,
652 1163 707 1209 dum
721 1167 815 1219 putaret
829 1164 920 1219 priores

60 1241 119 1277 esse,
128 1223 264 1269 calliditatis
273 1228 297 1269 et
305 1223 354 1269 doli
362 1226 463 1281 ignarus.
473 1223 601 1269 liberaliter
609 1222 796 1276 subscribitQuo
803 1223 867 1269 facto
875 1224 921 1280 ipsi

61 1300 106 1389 3ἶὲ
114 1285 243 1388 Ῑυτθάαῗτοε
253 1282 327 1328 literis
337 1300 461 1329 concessos
479 1283 552 1329 libere
562 1283 675 1343 invadunt
685 1288 708 1329 et
718 1286 820 1329 retinent
830 1299 920 1329 summo

61 1360 76 1388 a
108 1345 152 1388 atis
179 1359 193 1388 o
203 1359 251 1388 ore.

62 1402 89 1448 In
111 1401 216 1459 ¹reliquis
246 1401 351 1458 prudens
382 1407 405 1448 et
435 1404 532 1458 insignis
564 1401 713 1459 dispensator
745 1404 829 1448 extitit,
860 1400 920 1447 Eva·

61 1467 131 1508 cuata
144 1464 222 1507 omnia
235 1478 278 1507 sua
291 1461 417 1508 sedulitate
430 1461 536 1518 replevit.
551 1464 584 1507 sic
598 1466 624 1507 ut
637 1478 722 1518 pecore
736 1467 759 1507 et
772 1478 836 1518 penu
849 1460 921 1518 plena

63 1522 141 1567 forent
152 1523 236 1567 omnia.
248 1520 317 1566 Vitae
328 1526 425 1578 peracto
436 1523 513 1578 spatio
525 1537 582 1567 suae
594 1521 714 1577 dignitatis
726 1538 788 1567 anno
799 1523 868 1567 tertio
880 1520 921 1566 ho·

62 1585 149 1628 minem
167 1585 238 1628 exuit.
258 1582 340 1628 Elatus
360 1586 384 1628 in
404 1583 475 1629 choro
495 1582 606 1629 abbatum
625 1582 652 1641 b)
672 1582 785 1640 sepelitur
805 1599 851 1629 non
872 1585 922 1629 sine

63 1661 158 1691 suorum
171 1644 236 1690 luctu
249 1649 272 1690 et
285 1661 391 1691 moerore
404 1661 466 1691 anno
481 1648 545 1692 1450.

201 1816 204 1820 ,
291 1771 408 1815 Folkcrus
423 1771 528 1815 secunda
542 1771 595 1814 vice
610 1771 692 1815 abbas.

62 1894 120 1939 Piae
134 1893 160 1950 c)
175 1893 301 1946 memoriae
316 1890 344 1937 D.
360 1890 481 1948 Tiebbone
496 1889 595 1947 sepulto,
612 1896 738 1947 praesente
754 1895 822 1948 patre
838 1890 923 1936 abbate

62 1952 191 2009 szalingio
212 1968 266 1997 cum
285 1949 383 2008 reliquis
404 1950 493 1997 ordinis
514 1949 679 1996 visitatoribus
700 1952 790 2004 annuis.
813 1952 922 1996 canonici

65 2029 145 2059 omnes
162 2014 186 2056 in
202 2011 247 2057 hoc
263 2012 411 2071 conveniunt,
436 2014 463 2056 ut
487 2008 614 2068 Folkerum
638 2009 746 2067 precibus
772 2009 924 2056 sollicitatum

25 2088 27 2092 '
61 2076 176 2131 pristinae
191 2074 319 2119 restituant
334 2073 450 2129 dignitati.
481 2071 552 2124 Quod
566 2071 622 2117 dum
637 2071 712 2118 abbas
727 2077 798 2129 pater
812 2070 921 2118 omnibus

62 2134 138 2180 modis
149 2132 286 2179 dissuadere
296 2132 422 2185 contendit,
434 2131 594 2189 adstipulante
604 2133 725 2178 visitatore
735 2136 841 2189 utroque.
853 2147 923 2177 cano-

64 2196 111 2239 nici
125 2194 208 2238 maiori
223 2191 311 2237 fiducia
326 2197 350 2238 et
364 2194 497 2237 constantia
512 2195 612 2248 pergunt
628 2197 651 2238 et
666 2194 744 2248 ipsum
758 2193 924 2237 commonitum

65 2255 94 2302 de
108 2254 222 2301 electione
235 2255 339 2299 unanimi
352 2269 468 2299 consensu
481 2255 505 2299 in
519 2252 627 2298 abbatem
640 2270 733 2299 rursum
747 2252 842 2310 eligunt.
856 2252 923 2299 Elec·

65 2322 114 2363 tum
126 2316 198 2362 abbas
211 2315 353 2371 confirmare
366 2315 472 2372 denegat,
486 2332 536 2369 nec,
549 2320 575 2361 ut
588 2314 612 2361 id
625 2314 733 2371 precibus
747 2315 826 2369 faciatf
839 2314 924 2361 Folke·

63 2396 103 2425 rus
112 2381 238 2435 impetrare
246 2379 391 2435 potuitquae
400 2394 438 2423 res
446 2382 541 2434 praeter
550 2394 642 2423 ornnem
651 2380 839 2435 expectationem
847 2379 924 2434 ipsum

66 2438 203 2495 aliquandiu
215 2453 355 2493 suspensum
367 2438 449 2482 tenuit.
463 2436 523 2482 Inito
536 2453 589 2482 cum
602 2438 649 2483 suis
662 2437 760 2483 consilio
773 2437 925 2483 Brabantiam

64 2502 142 2546 invitis
157 2499 204 2544 illis
220 2499 284 2544 adiit.
301 2497 409 2545 Salutato
425 2498 509 2544 abbate
525 2497 694 2545 Everbodiensi
709 2501 724 2553 ¹,
741 2504 796 2545 tunc
811 2501 923 2556 temporis

66 2559 157 2605 abbatis
175 2559 416 2604 Praemonstratensis
436 2560 459 2603 in
479 2557 639 2615 spiritualibus
660 2558 744 2615 legato,
764 2575 814 2604 rem
833 2575 925 2604 omnem

66 2623 148 2678 aperit,
164 2620 284 2666 electionis
300 2619 380 2666 literas
395 2619 504 2674 ostendit,
520 2622 594 2677 patris
609 2619 700 2666 abbatis
715 2625 824 2677 negatam
839 2621 925 2666 confir-

66 2685 193 2729 mationem
205 2681 298 2738 allegat,
312 2682 396 2739 quibus
410 2686 493 2728 exacte
506 2681 631 2727 intellectis
645 2682 734 2729 ordinis
747 2685 819 2729 totius
832 2685 925 2728 nomine

65 2744 95 2791 ab
109 2747 160 2802 ipso
174 2743 343 2790 Everbodiensi
356 2744 559 2790 confirmationem
572 2747 729 2802 consequitur.
744 2744 848 2791 Rediens
863 2761 924 2791 sum·

64 2824 102 2853 mo
113 2806 202 2866 honore
213 2807 335 2863 excipitur,
348 2808 443 2864 suisque
455 2805 558 2852 fideliter
569 2811 671 2863 praeest.

90 2931 110 2973 a)
136 2931 287 2972 Tzommarom;
519 2905 551 2969 bl
565 2928 624 2964 add:
643 2928 767 2966 meridionali
774 2940 781 2972 ;

88 2982 107 3024 c)
132 2980 154 3017 ln
166 2979 256 3022 margine
269 2980 295 3022 bii
307 2978 323 3015 Α
336 2981 377 3016 met
389 2979 463 3015 andere
475 2978 535 3014 nand:
548 2978 660 3016 Schotanus
671 2979 692 3015 in
705 2979 787 3016 Tabiino
800 2988 846 3022 pag.
860 2981 888 3016 84.

91 3066 99 3102 1
126 3062 236 3108 Averbode‚
248 3062 456 3101 Praemonstrateuser
469 3062 520 3107 abdij
533 3063 553 3100 in
566 3062 639 3106 Belgit.
