2121 3546
554 222 583 266 92

141 348 187 385 1462
198 347 281 385 sabbato
294 349 340 383 ante
351 346 474 384 Dominicam
487 346 584 390 passionis
597 348 617 383 et
630 346 718 389 sepultus
731 347 761 382 est
773 345 793 383 in
805 344 911 389 sepulchro
924 344 998 381 Wiardi

140 395 216 432 abbatis
227 396 263 432 sub
275 395 340 432 limine
351 395 411 437 janue
422 394 476 432 chori
487 395 615 433 occidentalis
626 395 662 430 snb
673 397 755 438 petram.
859 434 861 437 .

140 443 261 488 wilhelmus,
272 444 329 481 huius
339 443 424 480 nominis
435 442 532 479 secundus
544 443 604 478 abbas
616 442 672 479 huius
684 442 722 479 loci
733 440 800 486 XXIV,
812 441 896 484 primum
909 440 968 477 abbas
980 441 1000 477 in

139 494 210 530 Merna
221 493 292 529 deinde
304 494 335 529 hic
346 494 426 537 electus,
438 493 513 536 prefuit
525 493 581 530 annis
592 493 621 537 23,
633 492 732 529 mensibus
744 492 755 527 3
768 493 787 528 et
800 490 868 527 diebus
881 492 903 528 10
916 494 935 528 et
948 501 1000 529 anno

142 544 220 581 Domini
229 545 279 588 1485,
288 544 313 581 lv
319 543 350 579 die
362 543 431 580 Marcii
444 543 546 581 absolutus
558 543 602 580 fuit.
616 542 671 580 Obiit
683 553 735 580 anno
748 541 827 580 Domini
841 541 892 578 1491.
906 540 998 585 Sepultus

141 595 186 628 ante
196 593 258 628 altare
267 592 353 630 omnium
363 591 486 629 Sanctorum.
496 591 517 633 a}

140 639 208 677 Thaho
225 640 252 682 bl,
273 640 329 676 huius
351 640 388 677 loci
405 640 464 676 abbas
481 639 539 684 XXV,
555 639 629 683 prefuit
645 639 701 676 annis
716 639 744 675 21.
776 637 812 675 Hic
828 648 853 685 ex
869 637 998 675 nobilioribus

140 688 201 725 Frisie
213 689 311 731 originem
324 687 405 732 habuit;
424 688 453 724 vir
466 691 557 725 strenuus
570 691 590 724 et
603 687 709 725 modestus.
723 686 759 723 Hic
773 686 941 730 reformationem,
956 686 1001 722 licet

140 739 254 783 difficulter,
264 739 283 774 in
295 738 345 775 hunc
356 741 475 775 conventum
485 738 601 775 introduxit.
611 737 648 775 Hic
659 738 718 774 etiam
729 736 753 773 ad
764 740 881 781 perpetuam
890 746 925 773 sue
937 736 999 774 laudis

140 787 254 824 memoriam
266 797 337 824 novam
349 790 428 830 portam
439 787 459 823 in
471 789 528 830 parte
540 787 621 823 australi
633 786 720 824 construi
732 786 779 822 fecit
798 796 820 822 ac
832 784 912 822 domum
923 785 977 822 illam
990 795 1001 821 a

140 838 200 880 janua
218 840 327 875 conventus
344 847 405 879 usque
424 836 447 872 ad
465 847 521 873 suam
539 847 636 873 cameram
654 837 732 880 penitus
751 836 859 880 collapsam
877 836 1000 872 restauravit.

140 887 206 925 Novas
219 888 306 931 lapideas
318 898 404 924 cameras
416 888 435 923 in
448 887 566 924 dormitorio
578 887 695 924 construxit.
708 885 747 923 Sex
759 887 829 924 calices
842 888 954 931 argenteos,
967 886 1000 922 ba-

142 941 206 976 culum
213 941 454 983 pastoralemargenteum,
468 940 552 980 ouatuor
567 947 639 981 cappas
653 938 731 982 sericas,
745 947 805 974 unam
819 936 905 973 casulam
919 939 939 973 et
953 936 1001 972 duas

140 987 255 1024 dalmaticas
269 986 293 1023 de
308 988 361 1025 bisso
376 991 481 1025 contextas
495 989 614 1031 procuravit.
629 987 705 1024 Novam
719 989 779 1024 etiam
794 986 926 1025 molendinam
942 990 999 1023 extra

140 1038 258 1072 conventum
270 1037 386 1073 construxit.
397 1036 482 1074 Domum
493 1047 565 1074 novam
576 1037 595 1073 in
607 1036 722 1073 Bachaveen
734 1035 839 1072 edificavit.
851 1034 915 1072 Multa
927 1035 1001 1079 predia,

141 1096 177 1129 pro
188 1086 259 1124 debitis
271 1088 368 1131 exposita,
379 1097 390 1122 a
401 1086 531 1124 creditoribus
542 1086 630 1123 redemit.
642 1085 701 1122 Plura
713 1087 772 1123 etiam
783 1097 794 1122 a
806 1086 914 1130 capitaneis
925 1086 998 1130 vicinis,

140 1144 223 1177 quorum
234 1135 314 1171 nomina
326 1136 436 1180 reticemus,
448 1145 553 1179 perpessus
565 1138 600 1173 est.
612 1134 649 1172 Hic
661 1135 736 1171 nullum
747 1135 825 1171 virtutis
837 1135 914 1171 culmen
925 1136 1000 1178 preter-

141 1185 198 1222 misit.
210 1185 249 1220 lste
259 1185 318 1222 etiam
329 1185 353 1221 ad
363 1185 400 1221 Dei
410 1185 507 1223 honorem
517 1187 601 1228 quatuor
613 1185 683 1222 altaria
693 1186 804 1222 consecrari
816 1195 838 1221 ac
849 1184 934 1221 dedicari
946 1184 998 1221 fecit.

140 1232 241 1270 Summum
251 1232 342 1270 videlicet
352 1234 372 1269 in
383 1233 479 1271 honorem
489 1233 525 1270 Dei
535 1237 556 1271 et
565 1234 626 1270 Beate
636 1232 700 1270 Marie
711 1234 779 1270 matris
789 1233 841 1278 Eius,
853 1232 919 1269 Sancti
931 1232 1000 1269 lohan-

140 1284 170 1319 nis
179 1283 307 1327 Evangeliste
316 1286 336 1320 et
345 1282 417 1320 Sancte
427 1284 499 1320 Cecilie
508 1284 600 1327 Virginis.
611 1283 721 1320 Secundum
731 1293 778 1320 vero
789 1285 843 1320 retro
853 1283 872 1319 in
883 1283 971 1327 ecclesia,
981 1284 1001 1319 in

141 1334 222 1371 australi
233 1333 274 1370 eius
285 1337 347 1378 parte,
360 1333 384 1370 ad
395 1334 490 1371 honorem
501 1333 543 1378 Dei,
555 1332 621 1370 Sancti
633 1333 725 1371 Iohannis
737 1333 831 1378 Baptiste,
844 1331 910 1370 Sancti
921 1333 998 1376 hugus-

141 1382 177 1418 tini
191 1384 211 1418 et
225 1381 297 1418 Sancte
311 1382 373 1418 Anne.
386 1381 476 1419 Tercium
491 1382 515 1418 ad
529 1381 626 1419 honorem
640 1382 682 1427 Dei,
697 1381 763 1418 Sancti
778 1381 853 1418 Mathei
868 1381 1000 1425 Evangelisfe,

141 1431 208 1469 Sancti
218 1431 312 1470 Anthonii
322 1435 342 1469 et
351 1431 424 1469 Sancte
434 1432 520 1468 Barbare
529 1432 616 1476 Virginis
626 1435 646 1469 et
656 1432 755 1475 Martyris.
767 1431 864 1474 Quartum
874 1432 893 1468 in
905 1431 1001 1470 honorem

140 1482 182 1527 Dei,
196 1482 262 1519 Sancti
276 1482 379 1526 Bonifacii,
393 1482 459 1519 Sancti
472 1482 553 1519 Martini
567 1485 587 1519 et
600 1482 663 1519 Marie
676 1481 800 1529 Magdalene.
814 1481 858 1525 Que
871 1481 950 1525 quidem
963 1483 1001 1518 tria

142 1533 211 1569 altaria
220 1532 333 1569 immediate
343 1533 458 1577 prescripta,
469 1534 530 1569 asnis
541 1533 589 1570 locis
600 1533 673 1577 avulsa,
684 1542 694 1568 a
705 1532 800 1570 fratribus
810 1533 846 1569 suh
856 1531 918 1569 Paulo
930 1533 1001 1569 abbate

141 1583 237 1620 translata
248 1585 299 1627 sunt,
310 1583 400 1619 similiter
411 1586 431 1619 et
442 1583 504 1618 altare
516 1582 587 1619 Sancte
599 1582 710 1619 Katharine.

140 1633 177 1669 Hic
186 1634 246 1669 abbas
254 1632 310 1670 Talro
319 1643 357 1668 una
367 1634 410 1670 cum
419 1632 500 1670 domino
508 1632 622 1670 Hermanno
631 1633 651 1669 in
660 1632 748 1671 Foswert
757 1633 876 1677 dominoque
886 1632 973 1671 iohanne
980 1634 999 1670 in

143 1682 274 1724 Clarocampo
288 1681 391 1718 abbatibus
406 1691 428 1717 ac
441 1681 522 1718 domino
536 1680 642 1718 Wilhelmo
655 1681 675 1717 in
690 1680 806 1725 Groningen
820 1691 843 1718 ac
851 1682 932 1719 domino
944 1681 966 1717 Ν.
979 1682 998 1718 in

141 1728 217 1766 Beem1
228 1740 250 1766 ac
261 1730 342 1767 domino
362 1728 384 1764 N.
400 1729 419 1765 in
435 1728 546 1766 Fermssum
561 1730 569 1751 ²
584 1729 697 1773 pastoribus
713 1729 737 1765 ad
753 1729 859 1767 Cesaream
873 1729 999 1766 Maiestatem

141 1777 232 1822 profecti,
244 1778 267 1814 ab
278 1777 347 1816 eadem
357 1789 392 1822 per
404 1789 484 1815 aureum
494 1779 580 1823 sigillum
591 1779 752 1824 impetraverunt,
764 1782 860 1823 qnatenus
872 1780 999 1823 magistratus

141 1826 282 1869 Groninganns
292 1830 344 1863 terre
354 1827 457 1865 Frisonum
467 1828 602 1871 preficeretur,
613 1827 666 1870 quod
677 1830 697 1864 et
707 1827 781 1864 factum
792 1830 836 1872 est;
853 1827 1001 1870 habueruntque

141 1876 265 1919 Groningani
273 1877 401 1914 castellanum
409 1877 428 1913 in
436 1876 555 1922 Leowardia,
573 1879 592 1914 in
611 1877 721 1921 Dockinga,
739 1879 758 1914 in
777 1877 882 1918 Almenum*
899 1878 918 1918 c)
936 1878 998 1915 forta-

142 1925 206 1960 licium
216 1927 236 1961 et
246 1926 265 1960 in
276 1925 359 1961 Collum.
369 1924 428 1968 Quod
438 1925 522 1968 quedam
531 1925 599 1970 factio,
610 1924 738 1969 Schieringen
748 1936 759 1961 a
769 1924 883 1964 Frisonihus
894 1926 1000 1969 appellata,

141 1983 181 2009 non
197 1974 301 2017 sustinens
318 1972 387 2010 ducem
403 1972 490 2011 Saxonie
506 1973 615 2019 albertum,
630 1976 677 2010 tunc
693 1974 712 2010 in
729 1972 835 2011 Hollandia
851 1974 903 2010 bella
920 1984 999 2011 moven-

97 2047 100 2054 .
141 2023 186 2065 tem,
197 2022 303 2057 accersivit.
313 2021 351 2064 Qui
360 2021 400 2057 dux
410 2022 520 2066 adveniens,
530 2025 577 2065 post
585 2022 639 2058 varia
648 2022 700 2058 bella
709 2024 782 2058 terram
791 2021 898 2059 Frisiorum
908 2032 1001 2065 preoccu-

141 2081 191 2114 pans
199 2072 301 2115 victorque
310 2072 402 2117 existens,
413 2082 423 2107 a
432 2071 543 2115 Burgundis
552 2075 660 2116 perpetuus
669 2074 689 2108 et
697 2071 827 2110 hereditarius
836 2074 888 2108 terre
897 2071 1000 2110 Frisonum

141 2120 263 2162 gubernator
273 2121 405 2156 constituitur.
416 2119 454 2156 Sed
464 2120 503 2157 iam
513 2120 538 2156 de
548 2120 584 2157 hiis
595 2121 643 2158 satis
653 2130 818 2157 commemorasse
829 2120 922 2158 sufficiat.

140 2168 202 2206 Huius
212 2170 271 2206 etiam
280 2170 356 2206 abbatis
365 2170 451 2207 Takonis
460 2171 589 2215 temporibus,
598 2180 651 2208 anno
660 2170 798 2208 incarnitionis
807 2170 828 2212 d)
837 2169 940 2208 Dominice
949 2170 1000 2215 1505,

141 2228 166 2253 ex
181 2217 275 2255 mandato
290 2217 371 2261 Georgii
386 2218 439 2255 ducis
454 2217 546 2264 Saxonie,
561 2219 634 2262 prefati
649 2218 725 2255 hiberti
740 2218 794 2255 ducis
809 2219 852 2263 filii,
867 2218 923 2256 huius
938 2220 1002 2262 patrie

141 2267 254 2304 hereditarii
265 2268 403 2312 gubernatoris
414 2269 545 2314 illustrissimi,
557 2268 640 2311 quedam
651 2269 730 2306 novalia
741 2269 754 2313 ³,
766 2279 801 2313 per
813 2269 932 2306 alluvionem
943 2270 1002 2306 maris

142 2321 224 2361 acereta,
238 2318 267 2354 Bil
281 2317 344 2355 Frisio
357 2319 437 2356 nomine
450 2321 568 2363 nuncupata,
582 2329 635 2356 novo
650 2328 723 2362 aggere
738 2319 801 2356 cincta
814 2322 861 2356 sunt
874 2329 979 2362 menseque
994 2319 1002 2341 4

141 2367 224 2412 predicti
238 2367 321 2411 Georgii
334 2367 394 2414 ducis,
408 2370 527 2407 auctoritate
540 2369 624 2407 cesaree
638 2368 755 2413 Maiestatis,
769 2369 873 2413 applicata.
887 2368 944 2406 Unde
958 2370 1002 2406 huic

142 2420 246 2455 conventui
260 2418 388 2462 preiudicium
400 2429 440 2456 non
453 2419 551 2457 modicum
564 2419 656 2458 dominus
668 2419 723 2456 Tako
737 2419 856 2463 pretendens
869 2420 1000 2464 subsecutum,

165 2552 185 2593 a)
210 2552 235 2594 op
242 2552 279 2587 den
287 2553 336 2587 rand
343 2554 403 2588 staat:
412 2553 447 2588 llic
454 2552 570 2589 Wilhelmus
580 2554 641 2590 abbas
650 2553 727 2589 litteras
738 2554 844 2596 emptionis
854 2555 878 2589 de
888 2553 1000 2590 Marclclant

142 2609 205 2642 prope
217 2598 411 2636 Aemstelredammis
423 2599 521 2637 alienavit.
603 2600 624 2642 h)
651 2599 681 2648 Op
694 2601 731 2638 den
744 2599 897 2645 rand-illustris
910 2602 1000 2638 dominus

142 2648 270 2739 ἶῇξῖεἷῡρἃε
281 2649 337 2738 Ad)
362 2647 410 2733 sico)
437 2647 468 2691 Op
480 2649 517 2684 den
530 2649 579 2685 rand
591 2650 651 2685 staat:
664 2647 779 2692 „Almenrrm
792 2658 843 2685 nunc
856 2651 938 2686 vocatur
951 2649 1000 2686 Har-

167 2795 174 2830 l
201 2794 281 2831 Bedum.

165 2845 177 2881 2
201 2842 453 2889 Farmsum(Groningen).

166 2895 177 2930 3
201 2894 230 2930 De
243 2904 391 2937 aangewonnen
404 2894 474 2932 landen
486 2905 523 2931 van
535 2895 569 2931 het
580 2894 638 2931 Bildt.

166 2946 177 2981 4
202 2943 271 2981 Mensa
287 2944 347 2989 ducis,
363 2948 418 2982 vaste
434 2945 539 2990 goederen‚
555 2946 638 2982 waaruit
653 2945 677 2982 de
693 2945 805 2983 inhomsten
822 2956 859 2983 van
876 2946 913 2984 den
930 2946 1002 2991 hertog

201 2995 357 3032 voortvloeiden.
371 2995 411 3032 Zoo
424 2996 485 3038 spralr
497 3006 541 3032 men
554 3006 591 3031 van
605 2995 629 3031 de
642 2996 792 3039 tafelgoederen
805 3006 842 3033 van
856 2997 894 3034 den
907 2997 1002 3042 Bisschop

202 3055 282 3090 „mensa
291 3045 396 3090 episcopi,”
407 3056 448 3084 enz.
458 3044 512 3090 (Vgl.
522 3044 640 3092 Wijbrands,
650 3045 712 3083 Gesta
721 3057 740 3090 p.
750 3047 800 3091 254).
888 3069 889 3072 =
