2121 3546
558 246 588 295 58

144 369 179 416 vir
189 368 314 417 bellicosus
325 377 349 417 et
358 376 449 428 potens.
461 371 642 417 confoederatus
652 372 733 427 viginti
744 376 797 417 octo
808 369 913 417 eiusdem
924 367 1003 416 loede-

144 433 176 476 ris
186 431 289 477 ducibus.
300 430 501 477 Intercedentibus
510 440 609 487 magnae
619 432 751 477 autoritatis
760 435 783 476 et
794 430 875 487 iudicii
883 431 939 475 viris
949 428 1004 475 doc·

145 492 175 535 tis
185 495 209 536 et
218 493 263 546 piis
273 507 356 546 pacem
366 495 472 536 statuunt
482 493 542 535 inter
553 489 662 535 abbatem
672 507 725 535 curn
736 488 922 535 Lidlomensibus
933 494 957 534 et
968 487 1003 534 Si-

145 548 244 595 ckonem
252 548 345 606 Syarda
354 562 407 595 cum
416 552 463 595 suis
473 548 634 607 complicibus;
645 548 674 595 ab
684 554 784 605 utraque
793 554 861 605 parte
872 550 1004 605 juramento

144 611 258 665 praestito
271 609 417 666 firmatisque
430 608 511 662 literis,
525 609 714 665 pacificationem
726 624 846 664 nunquam
859 610 1005 653 interituram

145 673 302 726 paciscuntur.
315 670 345 716 de
356 670 441 716 damno
453 670 509 716 dato
520 670 616 716 verbum
627 669 717 715 nullum
728 670 762 728 1),

114 732 116 736 ”
146 729 218 775 Extat
239 732 247 752 ¹
270 734 293 775 et
307 732 491 775 vetustissimum
505 729 595 775 Frisico
610 729 721 775 idiomate
737 731 850 785 scriptum
864 728 1004 786 epistolium.

145 790 211 844 pacis
222 788 287 844 leges
299 790 425 834 continens
436 790 498 834 inter
509 788 536 846 b)
547 788 688 841 Eduardam,
702 787 812 834 Sickonis
822 793 930 841 matrem,
943 788 1005 844 ete)

144 847 272 894 Tetardum
282 847 391 893 abbatem
404 847 581 893 [idlomensem
589 864 643 893 cum
651 847 746 893 suislis
755 853 808 893 erat
816 846 942 893 Eduardae
951 864 1005 893 cum

146 906 248 953 Tetardo
263 908 292 953 de
305 907 408 965 quodam
421 910 445 953 in
459 906 601 953 Sextibirom
614 912 692 953 castro
706 906 861 953 Ottamastins
876 923 929 953 cum
943 909 1005 962 agris

146 967 265 1023 subjectis,
281 983 380 1023 quorum
395 983 450 1023 pars
465 967 543 1013 media
558 968 701 1013 monasticae
717 966 760 1012 fuit
776 965 879 1020 ditionis;
896 971 921 1012 at
936 965 1005 1012 modo

146 1028 233 1071 amissa
244 1042 349 1083 prorsus

146 1084 262 1131 Tetardus
273 1085 346 1131 turbis
357 1087 485 1141 consopitis
495 1084 618 1142 paululum
627 1087 753 1142 respirans.
766 1085 846 1131 datum
858 1085 1006 1141 dispendium

147 1144 262 1190 industria
271 1161 315 1190 sua
324 1147 438 1190 resarcire
448 1147 533 1200 satagit
543 1150 614 1201 atque
623 1146 729 1201 inprimis
738 1149 862 1201 utramque
871 1145 1007 1189 monasterii

147 1203 236 1249 fossam
244 1206 307 1249 omni
316 1203 365 1249 luto
374 1209 492 1260 repurgat,
502 1204 573 1250 aedes
583 1220 708 1250 vaccarum
717 1206 740 1249 in
749 1203 830 1249 Veteri
839 1202 909 1249 Valle
916 1207 1006 1249 restau-

147 1268 190 1308 rat.
203 1263 326 1309 Renovata
337 1264 408 1317 fossa.
421 1263 529 1309 adductis
541 1263 644 1320 undique
656 1262 773 1320 lapidibus
786 1272 884 1318 magnae
896 1264 1007 1309 crassitu-

148 1323 208 1368 dinis
217 1339 309 1376 murum
317 1339 370 1368 cum
379 1323 463 1368 validis
472 1325 572 1368 turrium
579 1322 761 1379 propugnaculis
771 1324 913 1367 monasterio
922 1338 1006 1378 prope·

148 1381 244 1428 modum
261 1384 420 1438 circumcingit
437 1387 460 1428 et
478 1382 581 1435 obducit;
600 1381 683 1427 horum
700 1381 811 1438 reliquias
831 1386 909 1427 aetate
927 1386 1007 1427 nostra

147 1443 319 1498 conspeximus.
336 1441 382 1487 Per
399 1440 539 1487 lsbrandum
553 1441 666 1487 radicitus
682 1440 776 1486 evulsas
793 1441 878 1487 multas
896 1440 967 1487 aedes
984 1443 1007 1485 in

148 1504 226 1548 varios
240 1505 398 1548 ministrorum
411 1519 467 1548 usus
481 1502 601 1548 aedificat:
617 1501 719 1548 culinam
732 1518 823 1555 novam,
838 1504 939 1558 insignes
954 1501 1007 1547 hos-

149 1564 224 1618 pitum
239 1562 310 1607 aedes
326 1562 355 1607 ab
371 1560 481 1618 aquilone
497 1564 580 1607 summi
595 1561 683 1618 templi,
699 1563 821 1607 oeconomi
837 1561 919 1607 domus
935 1578 1009 1619 quon·

149 1623 203 1669 dam
216 1623 290 1669 dictas
303 1624 319 1669 d
319 1624 337 1681 )‚
351 1640 441 1669 summa
453 1629 503 1669 arte
515 1628 539 1669 et
551 1623 631 1669 labore
644 1626 725 1669 erexit.
739 1623 803 1669 Nihil
815 1625 972 1680 praetermisit
984 1626 1008 1668 11

149 1685 211 1728 omni
223 1683 332 1728 aedificio
344 1683 455 1736 coenobii.
468 1683 531 1740 quod
543 1699 589 1729 non
601 1682 680 1740 aliqua
692 1682 777 1728 saltem
788 1685 960 1729 restauratione
973 1685 1009 1740 iu-

149 1745 214 1787 verit.
228 1742 320 1787 Turrim
333 1758 417 1788 novam
430 1744 456 1800 e)
468 1742 570 1787 mediam
582 1758 721 1799 campanam
734 1742 803 1788 simul
816 1744 967 1799 comparavit.
982 1742 1008 1787 Ι1

149 1804 285 1847 memoriam
295 1801 432 1847 Dominicae
443 1803 559 1858 passionis
571 1818 663 1847 crucem
675 1806 811 1857 argenteam
822 1801 905 1854 multis,
913 1803 1009 1858 gemmis

150 1860 268 1918 lapidibus
280 1877 373 1917 quoque
384 1863 462 1916 magni
473 1862 543 1917 pretii
555 1861 608 1906 fieri
620 1863 717 1906 curavit.
730 1859 844 1906 Tabulam
856 1877 941 1907 novam
954 1863 1009 1906 arti-

150 1922 233 1968 ficiosa
248 1922 354 1969 celatura
370 1922 487 1980 sculptam
502 1928 525 1968 et
541 1925 673 1969 inauratam
689 1922 804 1969 industria
820 1923 938 1980 Azegcnis
955 1939 1009 1969 con·

149 1987 211 2030 versi
229 2001 319 2030 summo
337 1983 407 2029 altari
425 1986 523 2041 imponit
541 1984 570 2042 f).
589 1984 755 2031 Nosocomium
772 2001 939 2031 conversorum
957 2001 1010 2031 cum

150 2046 257 2100 proxima
274 2044 333 2089 aede
357 2060 425 2090 sacra
441 2043 468 2089 D.
486 2043 595 2100 Virginis,
612 2044 720 2090 incendio
737 2044 840 2091 hostium
855 2044 1009 2101 conflagrata,

149 2106 218 2151 firmo
229 2121 300 2162 opere
309 2110 414 2151 renovat.

149 2164 267 2211 Defuncto
292 2164 320 2211 D,
347 2164 453 2211 Suffrido
479 2164 564 2211 abbate
590 2168 613 2211 in
639 2164 746 2211 Doclrum
772 2183 802 2211 ex
829 2166 938 2222 delegata
964 2168 1009 2223 ipsi

149 2241 192 2280 per
222 2226 355 2270 visitatores
386 2240 476 2270 annuos
507 2241 570 2278 cura,
602 2227 728 2281 assumptis
760 2224 884 2271 sacellanis
916 2231 1009 2271 11111-

149 2286 223 2329 versis
242 2282 337 2341 aliquot.
356 2300 384 2329 eo
402 2284 522 2340 proiectus
540 2286 646 2341 equitatu
663 2283 750 2330 celebri
768 2301 811 2342 pro
829 2287 1009 2342 11111111111,

150 2342 242 2389 Funere
254 2348 343 2397 curato,
357 2343 440 2389 aedem
452 2344 581 2399 ingreditur
594 2342 749 2400 capitularem
762 2344 793 2389 ad
805 2360 890 2390 novam
903 2344 1010 2391 hortatus

150 2402 297 2455 electionem
311 2405 427 2448 communi
440 2403 554 2459 suffragio
568 2401 637 2449 Villo
651 2402 793 2460 accolythus,
801 2403 874 2449 abbas
887 2405 1011 2450 renuncia-

150 2467 194 2508 tur.
204 2461 272 2508 Hun'c
281 2461 389 2507 abbatem
398 2462 499 2507 electum
507 2462 638 2508 confirmat,
648 2461 751 2508 Rediens
760 2479 822 2509 1111
831 2463 926 2509 functae
936 2464 1010 2520 digni·

146 2522 202 2565 tatis
211 2521 328 2566 tricesimo
337 2526 405 2567 sexto
413 2524 465 2578 ipso
475 2521 513 2567 die
521 2518 691 2567 Translationis
701 2519 724 2565 S.
733 2520 875 2577 Augustini²
884 2522 1020 2578 equitando

150 2580 257 2686 ffiorbum
273 2579 371 2626 fatalem
387 2579 534 2635 contrahens.
553 2583 576 2626 11
593 2583 676 2627 1111111
694 2581 799 2627 deflectit
816 2582 847 2628 ad
865 2580 965 2629 Hortum
981 2582 1010 2629 D‘.

178 2656 248 2686 arrae.

173 2774 193 2815 1)
218 2775 277 2810 add:
298 2774 394 2810 Tetardus
408 2782 487 2810 carcere
502 2774 597 2810 liberatus
610 2775 637 2810 ad
652 2784 699 2820 suos
714 2774 778 2811 rediit.
793 2775 897 2812 Paululum
912 2776 1012 2819 respirans

150 2824 217 2860 datum
229 2824 321 2860 damnum
333 2833 368 2860 sua
378 2824 476 2860 industria
486 2824 582 2860 resarcire
594 2824 668 2867 satagit
675 2821 686 2866 ,”

176 2874 197 2914 b)
222 2873 302 2915 A:in;
402 2874 421 2915 1)
446 2872 526 2909 Nietin
541 2872 573 2916 A;
635 2874 656 2914 d)
681 2873 713 2908 A:
728 2874 795 2916 urum
858 2874 878 2915 e)
902 2875 1012 2916 maiorem,-

175 2921 192 2962 i)
223 2922 276 2956 and:
289 2921 345 2957 buius
358 2923 378 2956 et
391 2930 428 2957 nos
440 2920 532 2963 reliquias
545 2921 628 2957 vidimus
635 2932 642 2964 ;

175 3019 187 3105 12
210 3018 434 3104 111ἷ11ὃῐῗίξῖνοο111ε
449 3018 579 3056 Oudfriesche
594 3018 722 3063 Oorkonden,
737 3019 825 3056 bewerkt
839 3020 889 3056 door
904 3019 924 3055 P.
939 3019 1012 3063 Sipma,

270 3078 303 3105 11
318 3077 344 3104 er.
