<?xml version="1.0" encoding="UTF-8"?>
<!DOCTYPE html PUBLIC "-//W3C//DTD XHTML 1.0 Transitional//EN"
    "http://www.w3.org/TR/xhtml1/DTD/xhtml1-transitional.dtd">
<html xmlns="http://www.w3.org/1999/xhtml" xml:lang="en" lang="en">
 <head>
  <title>
</title>
<meta http-equiv="Content-Type" content="text/html;charset=utf-8" />
  <meta name='ocr-system' content='tesseract 3.04.00' />
  <meta name='ocr-capabilities' content='ocr_page ocr_carea ocr_par ocr_line ocrx_word'/>
</head>
<body>
  <div class='ocr_page' id='page_1' title='image "MN42041ucmf_1_0105.png"; bbox 0 0 2121 3546; ppageno 0'>
   <div class='ocr_carea' id='block_1_1' title="bbox 500 252 527 296">
    <p class='ocr_par' dir='ltr' id='par_1_1' title="bbox 500 252 527 296">
     <span class='ocr_line' id='line_1_1' title="bbox 500 252 527 296; baseline 0.037 -1"><span class='ocrx_word' id='word_1_1' title='bbox 500 252 527 296; x_wconf 87' lang='grc'><strong>13</strong></span> 
     </span>
    </p>
   </div>
   <div class='ocr_carea' id='block_1_2' title="bbox 72 370 945 1771">
    <p class='ocr_par' dir='ltr' id='par_1_2' title="bbox 72 370 944 1087">
     <span class='ocr_line' id='line_1_2' title="bbox 72 370 942 434; baseline -0.002 -15"><span class='ocrx_word' id='word_1_2' title='bbox 72 372 167 434; x_wconf 87' lang='lat' dir='ltr'><strong>ludens</strong></span> <span class='ocrx_word' id='word_1_3' title='bbox 177 373 270 429; x_wconf 87' lang='lat' dir='ltr'><strong>ingenio</strong></span> <span class='ocrx_word' id='word_1_4' title='bbox 280 371 367 419; x_wconf 84' lang='lat' dir='ltr'><strong>Christi</strong></span> <span class='ocrx_word' id='word_1_5' title='bbox 376 376 400 418; x_wconf 93' lang='lat' dir='ltr'><strong>et</strong></span> <span class='ocrx_word' id='word_1_6' title='bbox 410 371 524 418; x_wconf 87' lang='lat' dir='ltr'><strong>ecclesiae</strong></span> <span class='ocrx_word' id='word_1_7' title='bbox 533 374 599 419; x_wconf 87' lang='lat' dir='ltr'><strong>varia</strong></span> <span class='ocrx_word' id='word_1_8' title='bbox 609 376 716 418; x_wconf 84' lang='lat' dir='ltr'>recenset</span> <span class='ocrx_word' id='word_1_9' title='bbox 726 371 838 429; x_wconf 84' lang='lat' dir='ltr'><strong>pericula.</strong></span> <span class='ocrx_word' id='word_1_10' title='bbox 849 372 877 430; x_wconf 84' lang='lat' dir='ltr'><strong>a)</strong></span> <span class='ocrx_word' id='word_1_11' title='bbox 887 370 942 418; x_wconf 86' lang='lat' dir='ltr'><strong>dum</strong></span> 
     </span>
     <span class='ocr_line' id='line_1_3' title="bbox 83 431 935 492; baseline -0.004 -12"><span class='ocrx_word' id='word_1_12' title='bbox 83 434 143 480; x_wconf 88' lang='lat' dir='ltr'><strong>banc</strong></span> <span class='ocrx_word' id='word_1_13' title='bbox 154 432 283 479; x_wconf 89' lang='lat' dir='ltr'><strong>luctantem</strong></span> <span class='ocrx_word' id='word_1_14' title='bbox 292 435 316 478; x_wconf 91' lang='lat' dir='ltr'><strong>in</strong></span> <span class='ocrx_word' id='word_1_15' title='bbox 327 434 407 490; x_wconf 76' lang='lat' dir='ltr'><strong>spinis,</strong></span> <span class='ocrx_word' id='word_1_16' title='bbox 418 435 442 479; x_wconf 92' lang='lat' dir='ltr'><strong>in</strong></span> <span class='ocrx_word' id='word_1_17' title='bbox 452 431 532 486; x_wconf 84' lang='lat' dir='ltr'><strong>bortis.</strong></span> <span class='ocrx_word' id='word_1_18' title='bbox 545 434 568 479; x_wconf 90' lang='lat' dir='ltr'><strong>in</strong></span> <span class='ocrx_word' id='word_1_19' title='bbox 579 432 700 492; x_wconf 88' lang='lat' dir='ltr'><strong>sylvarum</strong></span> <span class='ocrx_word' id='word_1_20' title='bbox 710 431 802 486; x_wconf 80' lang='lat' dir='ltr'><strong>abditis.</strong></span> <span class='ocrx_word' id='word_1_21' title='bbox 815 436 935 490; x_wconf 91' lang='lat' dir='ltr'><strong>petrarum</strong></span> 
     </span>
     <span class='ocr_line' id='line_1_4' title="bbox 81 493 942 552; baseline -0.002 -11"><span class='ocrx_word' id='word_1_22' title='bbox 81 496 194 548; x_wconf 86' lang='lat' dir='ltr'><strong>cavernis,</strong></span> <span class='ocrx_word' id='word_1_23' title='bbox 219 497 332 541; x_wconf 90' lang='lat' dir='ltr'><strong>montium</strong></span> <span class='ocrx_word' id='word_1_24' title='bbox 356 493 459 548; x_wconf 73' lang='lat' dir='ltr'><strong>latebris.</strong></span> <span class='ocrx_word' id='word_1_25' title='bbox 476 494 570 541; x_wconf 90' lang='lat' dir='ltr'><strong>leonum</strong></span> <span class='ocrx_word' id='word_1_26' title='bbox 586 494 700 541; x_wconf 90' lang='lat' dir='ltr'><strong>cubilibus</strong></span> <span class='ocrx_word' id='word_1_27' title='bbox 718 494 745 552; x_wconf 90' lang='lat' dir='ltr'><strong>b)</strong></span> <span class='ocrx_word' id='word_1_28' title='bbox 769 497 942 540; x_wconf 88' lang='lat' dir='ltr'><strong>commemorat.</strong></span> 
     </span>
     <span class='ocr_line' id='line_1_5' title="bbox 83 554 942 614; baseline -0.002 -12"><span class='ocrx_word' id='word_1_29' title='bbox 83 555 163 602; x_wconf 77' lang='lat' dir='ltr'><strong>Edidit</strong></span> <span class='ocrx_word' id='word_1_30' title='bbox 189 555 285 612; x_wconf 86' lang='lat' dir='ltr'><strong>vulgata</strong></span> <span class='ocrx_word' id='word_1_31' title='bbox 311 554 390 613; x_wconf 89' lang='lat' dir='ltr'><strong>lingua</strong></span> <span class='ocrx_word' id='word_1_32' title='bbox 409 556 435 614; x_wconf 87' lang='lat' dir='ltr'><strong>c)</strong></span> <span class='ocrx_word' id='word_1_33' title='bbox 453 554 568 610; x_wconf 76' lang='lat' dir='ltr'><strong>homilias¹</strong></span> <span class='ocrx_word' id='word_1_34' title='bbox 596 556 692 613; x_wconf 84' lang='lat' dir='ltr'><strong>singulis</strong></span> <span class='ocrx_word' id='word_1_35' title='bbox 713 554 794 602; x_wconf 91' lang='lat' dir='ltr'><strong>diebus</strong></span> <span class='ocrx_word' id='word_1_36' title='bbox 815 554 942 601; x_wconf 89' lang='lat' dir='ltr'><strong>Dominicis</strong></span> 
     </span>
     <span class='ocr_line' id='line_1_6' title="bbox 83 615 943 673; baseline -0.001 -11"><span class='ocrx_word' id='word_1_37' title='bbox 83 615 285 662; x_wconf 85' lang='lat' dir='ltr'><strong>concionatoribus</strong></span> <span class='ocrx_word' id='word_1_38' title='bbox 296 616 413 673; x_wconf 79' lang='lat' dir='ltr'><strong>neophitis</strong></span> <span class='ocrx_word' id='word_1_39' title='bbox 424 616 551 663; x_wconf 82' lang='lat' dir='ltr'><strong>admodum</strong></span> <span class='ocrx_word' id='word_1_40' title='bbox 561 619 734 663; x_wconf 91' lang='lat' dir='ltr'><strong>convenientes.</strong></span> <span class='ocrx_word' id='word_1_41' title='bbox 746 616 863 673; x_wconf 82' lang='lat' dir='ltr'><strong>Prospicit</strong></span> <span class='ocrx_word' id='word_1_42' title='bbox 874 632 943 673; x_wconf 92' lang='lat' dir='ltr'><strong>prae·</strong></span> 
     </span>
     <span class='ocr_line' id='line_1_7' title="bbox 84 674 943 734; baseline -0.002 -12"><span class='ocrx_word' id='word_1_43' title='bbox 84 680 149 722; x_wconf 89' lang='lat' dir='ltr'><strong>terea</strong></span> <span class='ocrx_word' id='word_1_44' title='bbox 158 674 202 721; x_wconf 93' lang='lat' dir='ltr'><strong>sibi</strong></span> <span class='ocrx_word' id='word_1_45' title='bbox 212 675 242 722; x_wconf 87' lang='lat' dir='ltr'><strong>de</strong></span> <span class='ocrx_word' id='word_1_46' title='bbox 251 677 335 732; x_wconf 90' lang='lat' dir='ltr'><strong>insigni</strong></span> <span class='ocrx_word' id='word_1_47' title='bbox 345 678 433 733; x_wconf 88' lang='lat' dir='ltr'><strong>pietate</strong></span> <span class='ocrx_word' id='word_1_48' title='bbox 443 677 499 722; x_wconf 90' lang='lat' dir='ltr'><strong>viris</strong></span> <span class='ocrx_word' id='word_1_49' title='bbox 509 676 544 734; x_wconf 80' lang='lat' dir='ltr'><strong>d).</strong></span> <span class='ocrx_word' id='word_1_50' title='bbox 555 676 678 734; x_wconf 82' lang='lat' dir='ltr'><strong>prioribus,</strong></span> <span class='ocrx_word' id='word_1_51' title='bbox 690 693 749 734; x_wconf 92' lang='lat' dir='ltr'><strong>quos</strong></span> <span class='ocrx_word' id='word_1_52' title='bbox 760 681 783 722; x_wconf 91' lang='lat' dir='ltr'><strong>et</strong></span> <span class='ocrx_word' id='word_1_53' title='bbox 794 674 908 722; x_wconf 91' lang='lat' dir='ltr'><strong>ecclesiae</strong></span> <span class='ocrx_word' id='word_1_54' title='bbox 920 680 943 721; x_wconf 91' lang='lat' dir='ltr'><strong>et</strong></span> 
     </span>
     <span class='ocr_line' id='line_1_8' title="bbox 81 734 943 794; baseline 0.001 -13"><span class='ocrx_word' id='word_1_55' title='bbox 81 734 192 781; x_wconf 84' lang='lat' dir='ltr'><strong>iratribus</strong></span> <span class='ocrx_word' id='word_1_56' title='bbox 204 734 268 782; x_wconf 88' lang='lat' dir='ltr'><strong>velut</strong></span> <span class='ocrx_word' id='word_1_57' title='bbox 279 735 403 783; x_wconf 89' lang='lat' dir='ltr'><strong>luminaria</strong></span> <span class='ocrx_word' id='word_1_58' title='bbox 415 736 446 783; x_wconf 91' lang='lat' dir='ltr'><strong>ad</strong></span> <span class='ocrx_word' id='word_1_59' title='bbox 457 753 549 783; x_wconf 91' lang='lat' dir='ltr'><strong>omnem</strong></span> <span class='ocrx_word' id='word_1_60' title='bbox 560 737 649 784; x_wconf 87' lang='lat' dir='ltr'><strong>cultum</strong></span> <span class='ocrx_word' id='word_1_61' title='bbox 661 737 765 792; x_wconf 89' lang='lat' dir='ltr'><strong>divinum</strong></span> <span class='ocrx_word' id='word_1_62' title='bbox 776 736 943 794; x_wconf 86' lang='lat' dir='ltr'><strong>praecedentia</strong></span> 
     </span>
     <span class='ocr_line' id='line_1_9' title="bbox 84 796 943 857; baseline 0 -14"><span class='ocrx_word' id='word_1_63' title='bbox 84 796 224 854; x_wconf 68' lang='lat' dir='ltr'><strong>designaret.</strong></span> <span class='ocrx_word' id='word_1_64' title='bbox 241 796 325 844; x_wconf 87' lang='lat' dir='ltr'><strong>Fratre</strong></span> <span class='ocrx_word' id='word_1_65' title='bbox 342 797 431 844; x_wconf 90' lang='lat' dir='ltr'><strong>Thoma</strong></span> <span class='ocrx_word' id='word_1_66' title='bbox 447 797 477 844; x_wconf 90' lang='lat' dir='ltr'><strong>ob</strong></span> <span class='ocrx_word' id='word_1_67' title='bbox 493 800 584 845; x_wconf 90' lang='lat' dir='ltr'><strong>senium</strong></span> <span class='ocrx_word' id='word_1_68' title='bbox 600 801 752 857; x_wconf 88' lang='lat' dir='ltr'><strong>corporisque</strong></span> <span class='ocrx_word' id='word_1_69' title='bbox 769 816 800 844; x_wconf 89' lang='lat' dir='ltr'><strong>ex</strong></span> <span class='ocrx_word' id='word_1_70' title='bbox 816 797 943 856; x_wconf 89' lang='lat' dir='ltr'><strong>gravedine</strong></span> 
     </span>
     <span class='ocr_line' id='line_1_10' title="bbox 84 857 944 916; baseline 0 -12"><span class='ocrx_word' id='word_1_71' title='bbox 84 857 232 904; x_wconf 88' lang='lat' dir='ltr'><strong>debilitatum</strong></span> <span class='ocrx_word' id='word_1_72' title='bbox 244 857 357 914; x_wconf 81' lang='lat' dir='ltr'><strong>absoluto¹</strong></span> <span class='ocrx_word' id='word_1_73' title='bbox 372 858 491 905; x_wconf 85' lang='lat' dir='ltr'><strong>substituit</strong></span> <span class='ocrx_word' id='word_1_74' title='bbox 504 857 545 905; x_wconf 93' lang='lat' dir='ltr'><strong>ille</strong></span> <span class='ocrx_word' id='word_1_75' title='bbox 557 858 718 914; x_wconf 84' lang='lat' dir='ltr'><strong>Tziardonem‚</strong></span> <span class='ocrx_word' id='word_1_76' title='bbox 733 861 817 916; x_wconf 83' lang='lat' dir='ltr'><strong>insigni</strong></span> <span class='ocrx_word' id='word_1_77' title='bbox 831 858 944 904; x_wconf 88' lang='lat' dir='ltr'><strong>nobilium</strong></span> 
     </span>
     <span class='ocr_line' id='line_1_11' title="bbox 84 918 942 978; baseline 0.002 -14"><span class='ocrx_word' id='word_1_78' title='bbox 84 918 174 965; x_wconf 79' lang='lat' dir='ltr'><strong>familia</strong></span> <span class='ocrx_word' id='word_1_79' title='bbox 189 918 311 965; x_wconf 85' lang='lat' dir='ltr'><strong>Bernarda</strong></span> <span class='ocrx_word' id='word_1_80' title='bbox 325 925 412 967; x_wconf 90' lang='lat' dir='ltr'><strong>natum.</strong></span> <span class='ocrx_word' id='word_1_81' title='bbox 428 920 465 966; x_wconf 84' lang='lat' dir='ltr'><strong>Ex</strong></span> <span class='ocrx_word' id='word_1_82' title='bbox 479 920 548 967; x_wconf 89' lang='lat' dir='ltr'><strong>huius</strong></span> <span class='ocrx_word' id='word_1_83' title='bbox 563 921 663 967; x_wconf 76' lang='lat' dir='ltr'><strong>fratrum</strong></span> <span class='ocrx_word' id='word_1_84' title='bbox 677 920 800 978; x_wconf 76' lang='lat' dir='ltr'><strong>Verponis¹</strong></span> <span class='ocrx_word' id='word_1_85' title='bbox 817 919 942 978; x_wconf 83' lang='lat' dir='ltr'><strong>Feykonis.</strong></span> 
     </span>
     <span class='ocr_line' id='line_1_12' title="bbox 84 978 942 1037; baseline 0.001 -12"><span class='ocrx_word' id='word_1_86' title='bbox 84 978 187 1026; x_wconf 89' lang='lat' dir='ltr'><strong>Buvonis</strong></span> <span class='ocrx_word' id='word_1_87' title='bbox 197 982 309 1037; x_wconf 89' lang='lat' dir='ltr'><strong>prosapia</strong></span> <span class='ocrx_word' id='word_1_88' title='bbox 319 980 431 1027; x_wconf 81' lang='lat' dir='ltr'><strong>fundator</strong></span> <span class='ocrx_word' id='word_1_89' title='bbox 441 983 519 1028; x_wconf 85' lang='lat' dir='ltr'><strong>extitit</strong></span> <span class='ocrx_word' id='word_1_90' title='bbox 529 980 595 1028; x_wconf 88' lang='lat' dir='ltr'><strong>Buvo</strong></span> <span class='ocrx_word' id='word_1_91' title='bbox 606 984 741 1028; x_wconf 85' lang='lat' dir='ltr'><strong>monasterii</strong></span> <span class='ocrx_word' id='word_1_92' title='bbox 752 980 942 1035; x_wconf 81' lang='lat' dir='ltr'><strong>Buvencloester¹</strong></span> 
     </span>
     <span class='ocr_line' id='line_1_13' title="bbox 82 1039 284 1087; baseline -0.005 0"><span class='ocrx_word' id='word_1_93' title='bbox 82 1044 107 1087; x_wconf 89' lang='lat' dir='ltr'><strong>ut</strong></span> <span class='ocrx_word' id='word_1_94' title='bbox 118 1039 180 1086; x_wconf 83' lang='lat' dir='ltr'><strong>inira</strong></span> <span class='ocrx_word' id='word_1_95' title='bbox 189 1040 284 1087; x_wconf 74' lang='lat' dir='ltr'><strong>clarius,</strong></span> 
     </span>
    </p>

    <p class='ocr_par' dir='ltr' id='par_1_3' title="bbox 82 1102 945 1771">
     <span class='ocr_line' id='line_1_14' title="bbox 85 1102 944 1163; baseline -0.002 -12"><span class='ocrx_word' id='word_1_96' title='bbox 85 1105 112 1151; x_wconf 93' lang='lat' dir='ltr'><strong>In</strong></span> <span class='ocrx_word' id='word_1_97' title='bbox 121 1105 226 1163; x_wconf 86' lang='lat' dir='ltr'><strong>prolesto</strong></span> <span class='ocrx_word' id='word_1_98' title='bbox 235 1103 391 1151; x_wconf 89' lang='lat' dir='ltr'><strong>Exaltationis</strong></span> <span class='ocrx_word' id='word_1_99' title='bbox 400 1103 423 1150; x_wconf 90' lang='lat' dir='ltr'><strong>S.</strong></span> <span class='ocrx_word' id='word_1_100' title='bbox 433 1104 515 1151; x_wconf 88' lang='lat' dir='ltr'><strong>Crucis</strong></span> <span class='ocrx_word' id='word_1_101' title='bbox 524 1105 533 1127; x_wconf 84' lang='lat'>¹</span> <span class='ocrx_word' id='word_1_102' title='bbox 542 1104 663 1151; x_wconf 91' lang='lat' dir='ltr'><strong>cuiusdam</strong></span> <span class='ocrx_word' id='word_1_103' title='bbox 672 1120 758 1150; x_wconf 89' lang='lat' dir='ltr'><strong>causae</strong></span> <span class='ocrx_word' id='word_1_104' title='bbox 767 1102 944 1160; x_wconf 67' lang='lat' dir='ltr'><strong>investigandae</strong></span> 
     </span>
     <span class='ocr_line' id='line_1_15' title="bbox 85 1162 943 1222; baseline -0.002 -11"><span class='ocrx_word' id='word_1_105' title='bbox 85 1164 114 1211; x_wconf 89' lang='lat' dir='ltr'><strong>ab</strong></span> <span class='ocrx_word' id='word_1_106' title='bbox 131 1164 188 1211; x_wconf 90' lang='lat' dir='ltr'><strong>sede</strong></span> <span class='ocrx_word' id='word_1_107' title='bbox 204 1164 335 1222; x_wconf 89' lang='lat' dir='ltr'><strong>apostolica</strong></span> <span class='ocrx_word' id='word_1_108' title='bbox 351 1165 397 1221; x_wconf 90' lang='lat' dir='ltr'><strong>ipsi</strong></span> <span class='ocrx_word' id='word_1_109' title='bbox 413 1162 477 1210; x_wconf 92' lang='lat' dir='ltr'><strong>velut</strong></span> <span class='ocrx_word' id='word_1_110' title='bbox 494 1165 654 1210; x_wconf 89' lang='lat' dir='ltr'><strong>commissario</strong></span> <span class='ocrx_word' id='word_1_111' title='bbox 671 1165 810 1210; x_wconf 84' lang='lat' dir='ltr'><strong>commissae</strong></span> <span class='ocrx_word' id='word_1_112' title='bbox 827 1166 902 1220; x_wconf 86' lang='lat' dir='ltr'><strong>gratia</strong></span> <span class='ocrx_word' id='word_1_113' title='bbox 919 1164 943 1209; x_wconf 90' lang='lat' dir='ltr'><strong>in</strong></span> 
     </span>
     <span class='ocr_line' id='line_1_16' title="bbox 83 1224 943 1283; baseline -0.003 -11"><span class='ocrx_word' id='word_1_114' title='bbox 83 1224 175 1272; x_wconf 86' lang='lat' dir='ltr'><strong>Jelsum</strong></span> <span class='ocrx_word' id='word_1_115' title='bbox 186 1228 194 1249; x_wconf 86' lang='lat'><strong>²</strong></span> <span class='ocrx_word' id='word_1_116' title='bbox 206 1235 268 1283; x_wconf 89' lang='lat' dir='ltr'><strong>pago</strong></span> <span class='ocrx_word' id='word_1_117' title='bbox 279 1224 351 1272; x_wconf 89' lang='lat' dir='ltr'><strong>villae</strong></span> <span class='ocrx_word' id='word_1_118' title='bbox 362 1224 539 1271; x_wconf 88' lang='lat' dir='ltr'><strong>Leovardianae</strong></span> <span class='ocrx_word' id='word_1_119' title='bbox 549 1227 657 1282; x_wconf 84' lang='lat' dir='ltr'><strong>proximo</strong></span> <span class='ocrx_word' id='word_1_120' title='bbox 669 1234 777 1282; x_wconf 79' lang='lat' dir='ltr'><strong>pergens,</strong></span> <span class='ocrx_word' id='word_1_121' title='bbox 791 1226 856 1281; x_wconf 85' lang='lat' dir='ltr'><strong>gravi</strong></span> <span class='ocrx_word' id='word_1_122' title='bbox 869 1226 943 1281; x_wconf 85' lang='lat' dir='ltr'><strong>aegri-</strong></span> 
     </span>
     <span class='ocr_line' id='line_1_17' title="bbox 85 1285 943 1344; baseline -0.002 -11"><span class='ocrx_word' id='word_1_123' title='bbox 85 1287 166 1333; x_wconf 91' lang='lat' dir='ltr'><strong>tudine</strong></span> <span class='ocrx_word' id='word_1_124' title='bbox 177 1289 310 1343; x_wconf 87' lang='lat' dir='ltr'><strong>corripitur;</strong></span> <span class='ocrx_word' id='word_1_125' title='bbox 323 1303 370 1344; x_wconf 89' lang='lat' dir='ltr'><strong>qna</strong></span> <span class='ocrx_word' id='word_1_126' title='bbox 381 1288 558 1343; x_wconf 87' lang='lat' dir='ltr'><strong>ingravescente</strong></span> <span class='ocrx_word' id='word_1_127' title='bbox 569 1289 593 1332; x_wconf 94' lang='lat' dir='ltr'><strong>in</strong></span> <span class='ocrx_word' id='word_1_128' title='bbox 605 1286 661 1341; x_wconf 78' lang='lat' dir='ltr'><strong>dies,</strong></span> <span class='ocrx_word' id='word_1_129' title='bbox 674 1288 734 1332; x_wconf 91' lang='lat' dir='ltr'><strong>sicut</strong></span> <span class='ocrx_word' id='word_1_130' title='bbox 745 1286 811 1332; x_wconf 93' lang='lat' dir='ltr'><strong>nulla</strong></span> <span class='ocrx_word' id='word_1_131' title='bbox 823 1285 943 1332; x_wconf 87' lang='lat' dir='ltr'><strong>convales-</strong></span> 
     </span>
     <span class='ocr_line' id='line_1_18' title="bbox 82 1345 943 1404; baseline -0.002 -11"><span class='ocrx_word' id='word_1_132' title='bbox 82 1349 174 1393; x_wconf 87' lang='lat' dir='ltr'><strong>centiae</strong></span> <span class='ocrx_word' id='word_1_133' title='bbox 187 1362 241 1404; x_wconf 86' lang='lat' dir='ltr'><strong>spes</strong></span> <span class='ocrx_word' id='word_1_134' title='bbox 254 1350 395 1404; x_wconf 83' lang='lat' dir='ltr'><strong>superesset,</strong></span> <span class='ocrx_word' id='word_1_135' title='bbox 408 1362 470 1392; x_wconf 89' lang='lat' dir='ltr'><strong>anno</strong></span> <span class='ocrx_word' id='word_1_136' title='bbox 483 1348 590 1404; x_wconf 88' lang='lat' dir='ltr'><strong>sequenti</strong></span> <span class='ocrx_word' id='word_1_137' title='bbox 603 1347 675 1392; x_wconf 87' lang='lat' dir='ltr'><strong>missa</strong></span> <span class='ocrx_word' id='word_1_138' title='bbox 688 1345 804 1403; x_wconf 80' lang='lat' dir='ltr'><strong>legatione</strong></span> <span class='ocrx_word' id='word_1_139' title='bbox 817 1345 943 1392; x_wconf 89' lang='lat' dir='ltr'><strong>Praemon·</strong></span> 
     </span>
     <span class='ocr_line' id='line_1_19' title="bbox 85 1407 944 1466; baseline -0.001 -12"><span class='ocrx_word' id='word_1_140' title='bbox 85 1413 185 1454; x_wconf 90' lang='lat' dir='ltr'><strong>stratum</strong></span> <span class='ocrx_word' id='word_1_141' title='bbox 197 1424 240 1465; x_wconf 91' lang='lat' dir='ltr'><strong>pro</strong></span> <span class='ocrx_word' id='word_1_142' title='bbox 252 1407 400 1466; x_wconf 88' lang='lat' dir='ltr'><strong>impetranda</strong></span> <span class='ocrx_word' id='word_1_143' title='bbox 412 1407 576 1465; x_wconf 88' lang='lat' dir='ltr'><strong>praelecturae</strong></span> <span class='ocrx_word' id='word_1_144' title='bbox 588 1407 741 1462; x_wconf 90' lang='lat' dir='ltr'><strong>absolutione,</strong></span> <span class='ocrx_word' id='word_1_145' title='bbox 755 1424 827 1453; x_wconf 88' lang='lat' dir='ltr'><strong>cansa</strong></span> <span class='ocrx_word' id='word_1_146' title='bbox 839 1409 944 1453; x_wconf 91' lang='lat' dir='ltr'><strong>commit·</strong></span> 
     </span>
     <span class='ocr_line' id='line_1_20' title="bbox 85 1468 944 1516; baseline -0.001 -1"><span class='ocrx_word' id='word_1_147' title='bbox 85 1471 142 1516; x_wconf 87' lang='lat' dir='ltr'><strong>titur</strong></span> <span class='ocrx_word' id='word_1_148' title='bbox 155 1468 183 1515; x_wconf 91' lang='lat' dir='ltr'><strong>D.</strong></span> <span class='ocrx_word' id='word_1_149' title='bbox 199 1469 285 1515; x_wconf 90' lang='lat' dir='ltr'><strong>Joanni</strong></span> <span class='ocrx_word' id='word_1_150' title='bbox 299 1468 378 1515; x_wconf 91' lang='lat' dir='ltr'><strong>abbati</strong></span> <span class='ocrx_word' id='word_1_151' title='bbox 392 1468 487 1516; x_wconf 88' lang='lat' dir='ltr'><strong>Insulae</strong></span> <span class='ocrx_word' id='word_1_152' title='bbox 501 1468 524 1515; x_wconf 85' lang='lat' dir='ltr'><strong>S.</strong></span> <span class='ocrx_word' id='word_1_153' title='bbox 539 1469 637 1515; x_wconf 89' lang='lat' dir='ltr'><strong>Mariae.</strong></span> <span class='ocrx_word' id='word_1_154' title='bbox 653 1468 697 1515; x_wconf 91' lang='lat' dir='ltr'><strong>Hic</strong></span> <span class='ocrx_word' id='word_1_155' title='bbox 711 1471 808 1515; x_wconf 91' lang='lat' dir='ltr'><strong>veniens</strong></span> <span class='ocrx_word' id='word_1_156' title='bbox 823 1470 846 1515; x_wconf 92' lang='lat' dir='ltr'><strong>in</strong></span> <span class='ocrx_word' id='word_1_157' title='bbox 861 1471 944 1515; x_wconf 90' lang='lat' dir='ltr'><strong>itinere</strong></span> 
     </span>
     <span class='ocr_line' id='line_1_21' title="bbox 83 1529 944 1587; baseline -0.001 -10"><span class='ocrx_word' id='word_1_158' title='bbox 83 1529 186 1577; x_wconf 89' lang='lat' dir='ltr'><strong>salutato</strong></span> <span class='ocrx_word' id='word_1_159' title='bbox 201 1529 286 1577; x_wconf 87' lang='lat' dir='ltr'><strong>abbate</strong></span> <span class='ocrx_word' id='word_1_160' title='bbox 300 1529 420 1577; x_wconf 91' lang='lat' dir='ltr'><strong>Bernense</strong></span> <span class='ocrx_word' id='word_1_161' title='bbox 435 1533 443 1554; x_wconf 78' lang='lat'>³</span> <span class='ocrx_word' id='word_1_162' title='bbox 458 1532 536 1587; x_wconf 89' lang='lat' dir='ltr'><strong>ipsum</strong></span> <span class='ocrx_word' id='word_1_163' title='bbox 549 1547 597 1577; x_wconf 86' lang='lat' dir='ltr'><strong>una</strong></span> <span class='ocrx_word' id='word_1_164' title='bbox 612 1529 715 1577; x_wconf 86' lang='lat' dir='ltr'><strong>adducit.</strong></span> <span class='ocrx_word' id='word_1_165' title='bbox 745 1529 791 1576; x_wconf 91' lang='lat' dir='ltr'><strong>Ubi</strong></span> <span class='ocrx_word' id='word_1_166' title='bbox 805 1529 837 1576; x_wconf 92' lang='lat' dir='ltr'><strong>ad</strong></span> <span class='ocrx_word' id='word_1_167' title='bbox 852 1546 944 1576; x_wconf 89' lang='lat' dir='ltr'><strong>monas·</strong></span> 
     </span>
     <span class='ocr_line' id='line_1_22' title="bbox 86 1591 944 1649; baseline 0.001 -12"><span class='ocrx_word' id='word_1_168' title='bbox 86 1594 170 1638; x_wconf 89' lang='lat' dir='ltr'><strong>terium</strong></span> <span class='ocrx_word' id='word_1_169' title='bbox 179 1597 215 1638; x_wconf 90' lang='lat' dir='ltr'><strong>est</strong></span> <span class='ocrx_word' id='word_1_170' title='bbox 225 1597 326 1646; x_wconf 85' lang='lat' dir='ltr'><strong>ventum,</strong></span> <span class='ocrx_word' id='word_1_171' title='bbox 337 1594 451 1639; x_wconf 90' lang='lat' dir='ltr'><strong>accersito</strong></span> <span class='ocrx_word' id='word_1_172' title='bbox 461 1591 489 1638; x_wconf 91' lang='lat' dir='ltr'><strong>D.</strong></span> <span class='ocrx_word' id='word_1_173' title='bbox 500 1591 588 1638; x_wconf 91' lang='lat' dir='ltr'><strong>Sibodo</strong></span> <span class='ocrx_word' id='word_1_174' title='bbox 598 1591 683 1638; x_wconf 93' lang='lat' dir='ltr'><strong>abbate</strong></span> <span class='ocrx_word' id='word_1_175' title='bbox 693 1591 842 1645; x_wconf 77' lang='lat' dir='ltr'><strong>Lidlomensi¹</strong></span> <span class='ocrx_word' id='word_1_176' title='bbox 853 1594 905 1649; x_wconf 91' lang='lat' dir='ltr'><strong>ipso</strong></span> <span class='ocrx_word' id='word_1_177' title='bbox 915 1591 944 1638; x_wconf 90' lang='lat' dir='ltr'><strong>D.</strong></span> 
     </span>
     <span class='ocr_line' id='line_1_23' title="bbox 85 1651 944 1709; baseline 0.001 -12"><span class='ocrx_word' id='word_1_178' title='bbox 85 1651 208 1698; x_wconf 88' lang='lat' dir='ltr'><strong>Benedicti</strong></span> <span class='ocrx_word' id='word_1_179' title='bbox 221 1651 276 1698; x_wconf 67' lang='lat' dir='ltr'><strong>die4</strong></span> <span class='ocrx_word' id='word_1_180' title='bbox 288 1654 422 1698; x_wconf 90' lang='lat' dir='ltr'><strong>convocatis</strong></span> <span class='ocrx_word' id='word_1_181' title='bbox 435 1651 541 1699; x_wconf 87' lang='lat' dir='ltr'><strong>omnibus</strong></span> <span class='ocrx_word' id='word_1_182' title='bbox 555 1653 638 1698; x_wconf 90' lang='lat' dir='ltr'><strong>aedem</strong></span> <span class='ocrx_word' id='word_1_183' title='bbox 651 1652 806 1709; x_wconf 90' lang='lat' dir='ltr'><strong>capitularem</strong></span> <span class='ocrx_word' id='word_1_184' title='bbox 818 1655 944 1709; x_wconf 75' lang='lat' dir='ltr'><strong>ingressus.</strong></span> 
     </span>
     <span class='ocr_line' id='line_1_24' title="bbox 87 1712 945 1771; baseline 0 -12"><span class='ocrx_word' id='word_1_185' title='bbox 87 1713 117 1759; x_wconf 90' lang='lat' dir='ltr'><strong>de</strong></span> <span class='ocrx_word' id='word_1_186' title='bbox 132 1712 222 1759; x_wconf 87' lang='lat' dir='ltr'><strong>Jarichi</strong></span> <span class='ocrx_word' id='word_1_187' title='bbox 237 1716 311 1770; x_wconf 87' lang='lat' dir='ltr'><strong>petita</strong></span> <span class='ocrx_word' id='word_1_188' title='bbox 327 1712 473 1760; x_wconf 87' lang='lat' dir='ltr'><strong>absolutione</strong></span> <span class='ocrx_word' id='word_1_189' title='bbox 488 1712 560 1760; x_wconf 90' lang='lat' dir='ltr'><strong>verba</strong></span> <span class='ocrx_word' id='word_1_190' title='bbox 576 1713 640 1760; x_wconf 87' lang='lat' dir='ltr'><strong>lacit.</strong></span> <span class='ocrx_word' id='word_1_191' title='bbox 657 1713 750 1760; x_wconf 86' lang='lat' dir='ltr'><strong>Jaricus</strong></span> <span class='ocrx_word' id='word_1_192' title='bbox 767 1718 870 1767; x_wconf 84' lang='lat' dir='ltr'><strong>vocatus,</strong></span> <span class='ocrx_word' id='word_1_193' title='bbox 888 1730 945 1771; x_wconf 87' lang='lat' dir='ltr'><strong>prae</strong></span> 
     </span>
    </p>
   </div>
   <div class='ocr_carea' id='block_1_3' title="bbox 86 1772 1017 1831">
    <p class='ocr_par' dir='ltr' id='par_1_4' title="bbox 86 1772 1017 1831">
     <span class='ocr_line' id='line_1_25' title="bbox 86 1772 1017 1831; baseline 0.001 -12"><span class='ocrx_word' id='word_1_194' title='bbox 86 1775 157 1819; x_wconf 91' lang='lat' dir='ltr'><strong>nimio</strong></span> <span class='ocrx_word' id='word_1_195' title='bbox 166 1773 279 1830; x_wconf 88' lang='lat' dir='ltr'><strong>languore</strong></span> <span class='ocrx_word' id='word_1_196' title='bbox 287 1772 457 1827; x_wconf 71' lang='lat' dir='ltr'><strong>valde&#39;debilis,</strong></span> <span class='ocrx_word' id='word_1_197' title='bbox 467 1773 591 1820; x_wconf 89' lang='lat' dir='ltr'><strong>collectam</strong></span> <span class='ocrx_word' id='word_1_198' title='bbox 600 1774 716 1831; x_wconf 88' lang='lat' dir='ltr'><strong>synodum</strong></span> <span class='ocrx_word' id='word_1_199' title='bbox 725 1774 860 1830; x_wconf 69' lang='lat' dir='ltr'><strong>ingreditur.</strong></span> <span class='ocrx_word' id='word_1_200' title='bbox 872 1774 945 1820; x_wconf 87' lang='lat' dir='ltr'><strong>Facta</strong></span> <span class='ocrx_word' id='word_1_201' title='bbox 1016 1776 1017 1780; x_wconf 73' lang='grc'>’</span> 
     </span>
    </p>
   </div>
   <div class='ocr_carea' id='block_1_4' title="bbox 87 1833 945 2073">
    <p class='ocr_par' dir='ltr' id='par_1_5' title="bbox 87 1833 945 2073">
     <span class='ocr_line' id='line_1_26' title="bbox 87 1833 944 1892; baseline 0.001 -13"><span class='ocrx_word' id='word_1_202' title='bbox 87 1833 181 1880; x_wconf 90' lang='lat' dir='ltr'><strong>dicendi</strong></span> <span class='ocrx_word' id='word_1_203' title='bbox 195 1835 265 1880; x_wconf 90' lang='lat' dir='ltr'><strong>venia</strong></span> <span class='ocrx_word' id='word_1_204' title='bbox 280 1836 386 1880; x_wconf 90' lang='lat' dir='ltr'><strong>oratione</strong></span> <span class='ocrx_word' id='word_1_205' title='bbox 401 1834 471 1881; x_wconf 90' lang='lat' dir='ltr'><strong>docta</strong></span> <span class='ocrx_word' id='word_1_206' title='bbox 487 1839 510 1880; x_wconf 90' lang='lat' dir='ltr'><strong>et</strong></span> <span class='ocrx_word' id='word_1_207' title='bbox 525 1833 643 1891; x_wconf 75' lang='lat' dir='ltr'><strong>languida,</strong></span> <span class='ocrx_word' id='word_1_208' title='bbox 660 1834 723 1892; x_wconf 89' lang='lat' dir='ltr'><strong>quod</strong></span> <span class='ocrx_word' id='word_1_209' title='bbox 739 1834 825 1882; x_wconf 86' lang='lat' dir='ltr'><strong>obnixe</strong></span> <span class='ocrx_word' id='word_1_210' title='bbox 840 1833 944 1892; x_wconf 80' lang='lat' dir='ltr'><strong>rogabat,</strong></span> 
     </span>
     <span class='ocr_line' id='line_1_27' title="bbox 87 1893 945 1952; baseline 0.002 -13"><span class='ocrx_word' id='word_1_211' title='bbox 87 1895 203 1951; x_wconf 84' lang='lat' dir='ltr'><strong>impetrat,</strong></span> <span class='ocrx_word' id='word_1_212' title='bbox 213 1893 283 1940; x_wconf 86' lang='lat' dir='ltr'><strong>Brevi</strong></span> <span class='ocrx_word' id='word_1_213' title='bbox 292 1893 416 1940; x_wconf 90' lang='lat' dir='ltr'><strong>intervallo</strong></span> <span class='ocrx_word' id='word_1_214' title='bbox 425 1899 509 1952; x_wconf 87' lang='lat' dir='ltr'><strong>postea</strong></span> <span class='ocrx_word' id='word_1_215' title='bbox 518 1896 541 1940; x_wconf 92' lang='lat' dir='ltr'><strong>in</strong></span> <span class='ocrx_word' id='word_1_216' title='bbox 551 1911 633 1940; x_wconf 89' lang='lat' dir='ltr'><strong>mense</strong></span> <span class='ocrx_word' id='word_1_217' title='bbox 642 1894 714 1942; x_wconf 62' lang='lat' dir='ltr'><strong>«lunio</strong></span> <span class='ocrx_word' id='word_1_218' title='bbox 724 1895 814 1942; x_wconf 87' lang='lat' dir='ltr'><strong>decimo</strong></span> <span class='ocrx_word' id='word_1_219' title='bbox 823 1894 945 1941; x_wconf 88' lang='lat' dir='ltr'><strong>Kalendas</strong></span> 
     </span>
     <span class='ocr_line' id='line_1_28' title="bbox 87 1954 945 2073; baseline 0.003 -73"><span class='ocrx_word' id='word_1_220' title='bbox 87 1954 173 2073; x_wconf 53' lang='lat' dir='ltr'><strong>dlelliiddr</strong></span> <span class='ocrx_word' id='word_1_221' title='bbox 182 1957 190 1979; x_wconf 80' lang='lat'>⁵</span> <span class='ocrx_word' id='word_1_222' title='bbox 208 1971 269 2001; x_wconf 88' lang='lat' dir='ltr'><strong>anno</strong></span> <span class='ocrx_word' id='word_1_223' title='bbox 286 1954 369 2002; x_wconf 85' lang='lat' dir='ltr'><strong>salutis</strong></span> <span class='ocrx_word' id='word_1_224' title='bbox 388 1959 445 2002; x_wconf 81' lang='lat'>1240</span> <span class='ocrx_word' id='word_1_225' title='bbox 462 1958 568 2009; x_wconf 73' lang='lat' dir='ltr'><strong>moritur:</strong></span> <span class='ocrx_word' id='word_1_226' title='bbox 587 1961 642 2002; x_wconf 90' lang='lat' dir='ltr'><strong>ante</strong></span> <span class='ocrx_word' id='word_1_227' title='bbox 660 1956 746 2014; x_wconf 89' lang='lat' dir='ltr'><strong>gradus</strong></span> <span class='ocrx_word' id='word_1_228' title='bbox 764 1959 891 2003; x_wconf 88' lang='lat' dir='ltr'><strong>sanctuarii</strong></span> <span class='ocrx_word' id='word_1_229' title='bbox 909 1973 945 2003; x_wconf 91' lang='lat' dir='ltr'><strong>se·</strong></span> 
     </span>
    </p>
   </div>
   <div class='ocr_carea' id='block_1_5' title="bbox 375 2115 656 2192">
    <p class='ocr_par' dir='ltr' id='par_1_6' title="bbox 375 2115 656 2192">
     <span class='ocr_line' id='line_1_29' title="bbox 375 2115 656 2192; baseline 0.011 -8"><span class='ocrx_word' id='word_1_230' title='bbox 375 2140 488 2192; x_wconf 73' lang='lat' dir='ltr'><strong>Jelgerns</strong></span> <span class='ocrx_word' id='word_1_231' title='bbox 500 2141 575 2186; x_wconf 84' lang='lat' dir='ltr'><strong>abbas</strong></span> <span class='ocrx_word' id='word_1_232' title='bbox 587 2115 656 2188; x_wconf 79' lang='lat' dir='ltr'><strong>vm.</strong></span> 
     </span>
    </p>
   </div>
   <div class='ocr_carea' id='block_1_6' title="bbox 86 2257 947 2319">
    <p class='ocr_par' dir='ltr' id='par_1_7' title="bbox 86 2257 947 2319">
     <span class='ocr_line' id='line_1_30' title="bbox 86 2257 947 2319; baseline 0.006 -14"><span class='ocrx_word' id='word_1_233' title='bbox 86 2257 128 2306; x_wconf 90' lang='lat' dir='ltr'><strong>His</strong></span> <span class='ocrx_word' id='word_1_234' title='bbox 143 2261 188 2306; x_wconf 90' lang='lat' dir='ltr'><strong>rite</strong></span> <span class='ocrx_word' id='word_1_235' title='bbox 202 2259 322 2317; x_wconf 89' lang='lat' dir='ltr'><strong>dispositis</strong></span> <span class='ocrx_word' id='word_1_236' title='bbox 337 2260 367 2307; x_wconf 91' lang='lat' dir='ltr'><strong>de</strong></span> <span class='ocrx_word' id='word_1_237' title='bbox 381 2276 442 2308; x_wconf 90' lang='lat' dir='ltr'><strong>novo</strong></span> <span class='ocrx_word' id='word_1_238' title='bbox 456 2260 541 2307; x_wconf 87' lang='lat' dir='ltr'><strong>abbate</strong></span> <span class='ocrx_word' id='word_1_239' title='bbox 557 2261 665 2319; x_wconf 90' lang='lat' dir='ltr'><strong>eligendo</strong></span> <span class='ocrx_word' id='word_1_240' title='bbox 681 2261 831 2310; x_wconf 87' lang='lat' dir='ltr'><strong>deliberatur.</strong></span> <span class='ocrx_word' id='word_1_241' title='bbox 847 2262 947 2310; x_wconf 90' lang='lat' dir='ltr'><strong>Collatis</strong></span> 
     </span>
    </p>
   </div>
   <div class='ocr_carea' id='block_1_7' title="bbox 87 2483 947 2816">
    <p class='ocr_par' dir='ltr' id='par_1_8' title="bbox 109 2483 613 2527">
     <span class='ocr_line' id='line_1_31' title="bbox 109 2483 613 2527; baseline -0.002 -6"><span class='ocrx_word' id='word_1_242' title='bbox 109 2484 129 2527; x_wconf 81' lang='lat' dir='ltr'><strong>a)</strong></span> <span class='ocrx_word' id='word_1_243' title='bbox 155 2484 233 2521; x_wconf 86' lang='lat' dir='ltr'><strong>durnin</strong></span> <span class='ocrx_word' id='word_1_244' title='bbox 245 2492 331 2527; x_wconf 85' lang='lat' dir='ltr'><strong>persona</strong></span> <span class='ocrx_word' id='word_1_245' title='bbox 343 2483 492 2527; x_wconf 75' lang='lat' dir='ltr'><strong>sponsaenanc</strong></span> <span class='ocrx_word' id='word_1_246' title='bbox 504 2484 525 2520; x_wconf 86' lang='lat' dir='ltr'><strong>in</strong></span> <span class='ocrx_word' id='word_1_247' title='bbox 537 2484 599 2527; x_wconf 83' lang='lat' dir='ltr'><strong>spinis</strong></span> <span class='ocrx_word' id='word_1_248' title='bbox 605 2494 613 2526; x_wconf 87' lang='lat'><strong>,·</strong></span> 
     </span>
    </p>

    <p class='ocr_par' dir='ltr' id='par_1_9' title="bbox 111 2532 813 2577">
     <span class='ocr_line' id='line_1_32' title="bbox 111 2532 813 2577; baseline -0.001 -6"><span class='ocrx_word' id='word_1_249' title='bbox 111 2534 133 2576; x_wconf 84' lang='lat' dir='ltr'><strong>b)</strong></span> <span class='ocrx_word' id='word_1_250' title='bbox 158 2534 216 2570; x_wconf 73' lang='lat' dir='ltr'><strong>add:</strong></span> <span class='ocrx_word' id='word_1_251' title='bbox 235 2533 376 2576; x_wconf 82' lang='lat' dir='ltr'><strong>leopardorum</strong></span> <span class='ocrx_word' id='word_1_252' title='bbox 390 2533 520 2577; x_wconf 83' lang='lat' dir='ltr'><strong>receptaculis</strong></span> <span class='ocrx_word' id='word_1_253' title='bbox 534 2532 642 2569; x_wconf 84' lang='lat' dir='ltr'><strong>luctantem</strong></span> <span class='ocrx_word' id='word_1_254' title='bbox 656 2535 813 2577; x_wconf 86' lang='lat' dir='ltr'><strong>commemorat;</strong></span> 
     </span>
    </p>

    <p class='ocr_par' dir='ltr' id='par_1_10' title="bbox 112 2582 499 2625">
     <span class='ocr_line' id='line_1_33' title="bbox 112 2582 499 2625; baseline -0.003 -6"><span class='ocrx_word' id='word_1_255' title='bbox 112 2583 131 2625; x_wconf 82' lang='lat' dir='ltr'><strong>c)</strong></span> <span class='ocrx_word' id='word_1_256' title='bbox 155 2592 203 2619; x_wconf 93' lang='lat' dir='ltr'><strong>om.:</strong></span> <span class='ocrx_word' id='word_1_257' title='bbox 215 2583 305 2619; x_wconf 81' lang='lat' dir='ltr'><strong>homitias</strong></span> <span class='ocrx_word' id='word_1_258' title='bbox 315 2603 340 2608; x_wconf 87' lang='lat'><strong>—-</strong></span> <span class='ocrx_word' id='word_1_259' title='bbox 350 2582 499 2625; x_wconf 87' lang='lat' dir='ltr'><strong>convenientes;</strong></span> 
     </span>
    </p>

    <p class='ocr_par' dir='ltr' id='par_1_11' title="bbox 87 2630 947 2816">
     <span class='ocr_line' id='line_1_34' title="bbox 110 2630 947 2674; baseline 0.002 -7"><span class='ocrx_word' id='word_1_260' title='bbox 110 2631 131 2673; x_wconf 83' lang='lat' dir='ltr'><strong>d)</strong></span> <span class='ocrx_word' id='word_1_261' title='bbox 156 2640 206 2673; x_wconf 82' lang='lat' dir='ltr'><strong>qnos</strong></span> <span class='ocrx_word' id='word_1_262' title='bbox 221 2630 321 2674; x_wconf 83' lang='lat' dir='ltr'><strong>prioratus</strong></span> <span class='ocrx_word' id='word_1_263' title='bbox 336 2630 413 2667; x_wconf 82' lang='lat' dir='ltr'><strong>bonore</strong></span> <span class='ocrx_word' id='word_1_264' title='bbox 428 2632 519 2674; x_wconf 84' lang='lat' dir='ltr'><strong>exornet,</strong></span> <span class='ocrx_word' id='word_1_265' title='bbox 534 2631 587 2673; x_wconf 83' lang='lat' dir='ltr'><strong>quod</strong></span> <span class='ocrx_word' id='word_1_266' title='bbox 602 2630 673 2668; x_wconf 82' lang='lat' dir='ltr'><strong>trorum</strong></span> <span class='ocrx_word' id='word_1_267' title='bbox 688 2640 751 2674; x_wconf 88' lang='lat' dir='ltr'><strong>opera</strong></span> <span class='ocrx_word' id='word_1_268' title='bbox 766 2631 830 2669; x_wconf 79' lang='lat' dir='ltr'><strong>cuitus</strong></span> <span class='ocrx_word' id='word_1_269' title='bbox 846 2633 947 2669; x_wconf 87' lang='lat' dir='ltr'><strong>constaret</strong></span> 
     </span>
     <span class='ocr_line' id='line_1_35' title="bbox 87 2678 947 2724; baseline 0.001 -7"><span class='ocrx_word' id='word_1_270' title='bbox 87 2680 170 2717; x_wconf 82' lang='lat' dir='ltr'><strong>divinus.</strong></span> <span class='ocrx_word' id='word_1_271' title='bbox 183 2678 237 2717; x_wconf 88' lang='lat' dir='ltr'><strong>inter</strong></span> <span class='ocrx_word' id='word_1_272' title='bbox 249 2679 336 2723; x_wconf 83' lang='lat' dir='ltr'><strong>reliquos</strong></span> <span class='ocrx_word' id='word_1_273' title='bbox 348 2679 425 2723; x_wconf 88' lang='lat' dir='ltr'><strong>priores</strong></span> <span class='ocrx_word' id='word_1_274' title='bbox 438 2680 461 2717; x_wconf 86' lang='lat' dir='ltr'><strong>D.</strong></span> <span class='ocrx_word' id='word_1_275' title='bbox 475 2680 570 2716; x_wconf 79' lang='lat' dir='ltr'><strong>Tziaertio</strong></span> <span class='ocrx_word' id='word_1_276' title='bbox 583 2680 695 2717; x_wconf 84' lang='lat' dir='ltr'><strong>Bernaerda</strong></span> <span class='ocrx_word' id='word_1_277' title='bbox 707 2681 791 2724; x_wconf 83' lang='lat' dir='ltr'><strong>insignis</strong></span> <span class='ocrx_word' id='word_1_278' title='bbox 804 2681 877 2724; x_wconf 83' lang='lat' dir='ltr'><strong>extitit,</strong></span> <span class='ocrx_word' id='word_1_279' title='bbox 890 2682 947 2718; x_wconf 82' lang='lat' dir='ltr'><strong>liuius</strong></span> 
     </span>
     <span class='ocr_line' id='line_1_36' title="bbox 87 2728 947 2773; baseline 0.001 -7"><span class='ocrx_word' id='word_1_280' title='bbox 87 2729 150 2773; x_wconf 82' lang='lat' dir='ltr'><strong>stirpe</strong></span> <span class='ocrx_word' id='word_1_281' title='bbox 159 2728 214 2766; x_wconf 83' lang='lat' dir='ltr'><strong>Buvo</strong></span> <span class='ocrx_word' id='word_1_282' title='bbox 225 2730 340 2772; x_wconf 86' lang='lat' dir='ltr'><strong>procreatus</strong></span> <span class='ocrx_word' id='word_1_283' title='bbox 350 2729 427 2772; x_wconf 87' lang='lat' dir='ltr'><strong>dicitur,</strong></span> <span class='ocrx_word' id='word_1_284' title='bbox 437 2728 469 2772; x_wconf 77' lang='lat' dir='ltr'><strong>oui</strong></span> <span class='ocrx_word' id='word_1_285' title='bbox 479 2729 594 2766; x_wconf 86' lang='lat' dir='ltr'><strong>monasterii</strong></span> <span class='ocrx_word' id='word_1_286' title='bbox 605 2729 758 2767; x_wconf 83' lang='lat' dir='ltr'><strong>Euvencioester</strong></span> <span class='ocrx_word' id='word_1_287' title='bbox 768 2730 842 2773; x_wconf 87' lang='lat' dir='ltr'><strong>primus</strong></span> <span class='ocrx_word' id='word_1_288' title='bbox 852 2730 947 2768; x_wconf 79' lang='lat' dir='ltr'><strong>fundator</strong></span> 
     </span>
     <span class='ocr_line' id='line_1_37' title="bbox 88 2779 259 2816; baseline 0 -1"><span class='ocrx_word' id='word_1_289' title='bbox 88 2779 259 2816; x_wconf 87' lang='lat' dir='ltr'><strong>commemoratur.</strong></span> 
     </span>
    </p>
   </div>
   <div class='ocr_carea' id='block_1_8' title="bbox 112 2875 718 3110">
    <p class='ocr_par' dir='ltr' id='par_1_12' title="bbox 113 2875 304 2920">
     <span class='ocr_line' id='line_1_38' title="bbox 113 2875 304 2920; baseline -0.005 -7"><span class='ocrx_word' id='word_1_290' title='bbox 113 2877 121 2913; x_wconf 91' lang='lat'>1</span> <span class='ocrx_word' id='word_1_291' title='bbox 149 2876 170 2912; x_wconf 93' lang='grc'><strong>13</strong></span> <span class='ocrx_word' id='word_1_292' title='bbox 183 2875 304 2920; x_wconf 87' lang='lat' dir='ltr'><strong>September.</strong></span> 
     </span>
    </p>

    <p class='ocr_par' dir='ltr' id='par_1_13' title="bbox 112 2923 718 3019">
     <span class='ocr_line' id='line_1_39' title="bbox 112 2923 718 2970; baseline 0 -8"><span class='ocrx_word' id='word_1_293' title='bbox 112 2926 124 2962; x_wconf 81' lang='lat'><strong>2</strong></span> <span class='ocrx_word' id='word_1_294' title='bbox 149 2924 223 2963; x_wconf 90' lang='lat' dir='ltr'><strong>Jelsum</strong></span> <span class='ocrx_word' id='word_1_295' title='bbox 235 2923 444 2970; x_wconf 85' lang='lat' dir='ltr'><strong>(Leeuwarderadeel),</strong></span> <span class='ocrx_word' id='word_1_296' title='bbox 455 2927 488 2962; x_wconf 91' lang='lat' dir='ltr'><strong>ten</strong></span> <span class='ocrx_word' id='word_1_297' title='bbox 500 2924 522 2961; x_wconf 88' lang='lat' dir='ltr'><strong>N.</strong></span> <span class='ocrx_word' id='word_1_298' title='bbox 533 2934 570 2961; x_wconf 84' lang='lat' dir='ltr'><strong>van</strong></span> <span class='ocrx_word' id='word_1_299' title='bbox 582 2924 718 2963; x_wconf 83' lang='lat' dir='ltr'><strong>Leeuwarden.</strong></span> 
     </span>
     <span class='ocr_line' id='line_1_40' title="bbox 112 2973 638 3019; baseline 0 -8"><span class='ocrx_word' id='word_1_300' title='bbox 112 2975 124 3011; x_wconf 89' lang='grc'>3</span> <span class='ocrx_word' id='word_1_301' title='bbox 149 2973 205 3018; x_wconf 86' lang='lat' dir='ltr'><strong>Bern,</strong></span> <span class='ocrx_word' id='word_1_302' title='bbox 218 2973 425 3012; x_wconf 81' lang='lat' dir='ltr'><strong>Praemonstratenser</strong></span> <span class='ocrx_word' id='word_1_303' title='bbox 438 2973 489 3019; x_wconf 82' lang='lat' dir='ltr'><strong>abdij</strong></span> <span class='ocrx_word' id='word_1_304' title='bbox 502 2974 527 3019; x_wconf 82' lang='lat' dir='ltr'><strong>bii</strong></span> <span class='ocrx_word' id='word_1_305' title='bbox 540 2973 638 3012; x_wconf 85' lang='lat' dir='ltr'><strong>Heusden.</strong></span> 
     </span>
    </p>

    <p class='ocr_par' dir='ltr' id='par_1_14' title="bbox 112 3023 252 3060">
     <span class='ocr_line' id='line_1_41' title="bbox 112 3023 252 3060; baseline -0.007 0"><span class='ocrx_word' id='word_1_306' title='bbox 112 3025 123 3060; x_wconf 83' lang='lat'>4</span> <span class='ocrx_word' id='word_1_307' title='bbox 148 3024 169 3060; x_wconf 83' lang='lat'><strong>21</strong></span> <span class='ocrx_word' id='word_1_308' title='bbox 182 3023 252 3059; x_wconf 85' lang='lat' dir='ltr'><strong>Maart.</strong></span> 
     </span>
    </p>

    <p class='ocr_par' dir='ltr' id='par_1_15' title="bbox 112 3071 233 3110">
     <span class='ocr_line' id='line_1_42' title="bbox 112 3071 233 3110; baseline -0.017 0"><span class='ocrx_word' id='word_1_309' title='bbox 112 3073 124 3110; x_wconf 90' lang='lat'><strong>5</strong></span> <span class='ocrx_word' id='word_1_310' title='bbox 148 3071 233 3110; x_wconf 82' lang='lat' dir='ltr'><strong>22Juni.</strong></span> 
     </span>
    </p>
   </div>
   <div class='ocr_carea' id='block_1_9' title="bbox 0 0 1071 3546">
    <p class='ocr_par' dir='ltr' id='par_1_16' title="bbox 0 0 1071 3546">
     <span class='ocr_line' id='line_1_43' title="bbox 0 0 1071 3546; baseline 0 0"><span class='ocrx_word' id='word_1_311' title='bbox 0 0 1071 3546; x_wconf 95' lang='lat' dir='ltr'><strong> </strong></span> 
     </span>
    </p>
   </div>
  </div>
 </body>
</html>
