2121 3546
554 269 581 312 18

137 389 184 440 um,
197 403 258 444 quae
270 404 299 433 ex
311 387 494 434 Bethleemiticis
506 392 651 444 supererant,
666 387 775 445 aquibus
787 387 867 438 multis
880 386 998 433 lachrimis

139 448 254 502 dimissus,
264 449 339 494 rediit.
348 477 379 483 —
387 448 480 494 Interea
488 452 600 506 temporis
609 452 672 495 omni
680 454 743 495 moto
752 448 838 506 lapide,
848 449 878 507 a)
884 448 998 495 Sidachus

140 507 212 553 abbas
223 506 302 554 Gerici
312 507 502 565 reliquorumque
512 509 612 555 fratrum
623 511 712 554 animos
724 509 770 554 alio
781 508 865 562 llexos,
878 507 999 565 Jelgerum

140 570 197 625 ipsis
212 569 329 614 intensum
343 569 486 615 reddiderat.
516 569 637 616 Submisso
652 573 731 616 statim
746 587 760 615 a
775 569 853 616 reditu
868 569 999 615 Oentioene

140 628 159 675 F
160 629 258 686 olperda
267 631 281 683 1,
292 629 365 676 nobili
375 648 405 676 ex
415 629 545 687 Vestergoa
556 631 646 677 familia
656 635 708 677 orto
718 634 742 676 in
753 630 880 687 Firdgum²
893 631 924 677 ad
935 647 1000 676 men-

141 693 170 736 tis
185 693 310 736 sanitatem
324 691 460 749 ordinisque
474 692 632 738 obedientiam
647 693 680 750 b),
696 698 720 738 at
735 694 780 750 ipsi
795 692 921 738 schismate
936 693 999 738 lacto

141 752 215 805 divisi,
229 755 292 798 coire
305 769 352 798 non
365 758 498 810 potuerunt.
525 754 643 800 Libertate
657 753 762 800 omnibus
776 770 819 810 per
833 753 930 800 abbates
944 770 999 799 con·

140 829 213 866 cessa,
224 841 254 847 —
264 813 417 860 bimembrum
427 832 512 872 nempe
522 818 689 861 monasterium
700 816 778 861 luerat
789 816 878 861 lactum
888 842 924 869 -—,
936 814 1000 872 qnod

141 876 239 932 quisque
253 874 325 921 vellet
339 878 476 930 institutum,
491 893 535 933 pro
549 882 604 923 voto
618 876 721 933 eligeret,
736 893 792 934 pars
807 879 831 922 in
846 876 932 923 Gerico
947 893 999 933 per·

141 952 244 989 manens,
254 939 342 982 caeteri
350 940 444 993 egressi,
453 940 477 983 in
486 948 547 994 pago
556 936 707 994 &Augustini
716 937 819 994 amplam
828 939 1001 995 possessionem

139 1001 260 1052 occupant,
277 997 511 1044 Praemonstratense
526 1000 658 1045 institutum
673 1003 805 1056 sequentes.

142 1060 233 1106 Claruit
250 1060 285 1106 his
303 1060 447 1117 temporibus
465 1060 537 1114 Buvo,
556 1062 591 1105 vir
608 1059 693 1105 nobilis
712 1065 735 1105 et
753 1059 878 1116 opulentus
887 1060 919 1117 c).
956 1058 1001 1104 Hic

142 1121 254 1167 coelibem
268 1124 341 1167 vitam
356 1122 450 1174 ducens,
466 1120 577 1166 Geticum
592 1120 730 1174 aemulatus,
746 1121 950 1178 d)monasterium
965 1120 1001 1166 al-

142 1183 221 1228 lectat.
234 1182 249 1228 J
251 1182 356 1239 elgerum
367 1182 478 1236 salutans,
492 1182 610 1240 explicata
622 1184 693 1228 animi
706 1185 823 1228 sententia
835 1185 1001 1238 paternitatem

142 1244 237 1290 obtinet.
261 1244 329 1289 Missi
341 1243 505 1300 Hamburgam,
519 1246 559 1301 qui
571 1243 634 1300 ligna
646 1244 761 1297 adierant,
775 1246 943 1289 monasterium
955 1246 1000 1288 vir·

143 1308 227 1361 pinum,
242 1323 272 1351 ex
287 1323 312 1351 se
326 1308 470 1351 nominatum
485 1306 517 1363 e),
532 1322 622 1351 summa
637 1306 729 1350 fervore
745 1310 862 1351 extruunt.
878 1304 1001 1362 Capellam

143 1367 172 1412 ab
185 1369 237 1423 ipso
250 1372 358 1419 erectam,
372 1367 394 1425 t)
403 1366 605 1412 Herkamalrirlre³
619 1368 644 1411 ni
656 1365 726 1412 lallor
740 1366 832 1420 dictam,
847 1369 871 1412 in
884 1371 1001 1412 monaste·

143 1431 203 1473 rium
216 1430 292 1473 vertit.
320 1428 384 1473 Ante
398 1428 426 1472 D.
441 1427 527 1473 Luciae
540 1427 643 1473 testum4
658 1432 761 1473 erectum
776 1444 866 1473 summa
880 1427 1001 1473 celeritate

143 1491 310 1534 monasterium
321 1490 347 1546 g)
356 1489 437 1534 decem
447 1506 477 1534 ex
488 1487 595 1534 Bethlem
606 1487 684 1534 allatis
695 1487 822 1544 virginibus
833 1493 936 1534 ornatur.
959 1487 1001 1534 His

144 1549 238 1603 Hillam,
257 1566 318 1606 quae
336 1554 359 1595 et
377 1549 533 1605 Hildegardis
552 1552 695 1606 priorissam,
714 1549 843 1605 Kemponis
862 1548 959 1596 Siuxma
978 1552 1001 1595 in

140 1610 236 1657 Vaxens
253 1614 260 1635 ⁵
276 1610 350 1657 liliam
365 1612 495 1668 praeponit.
513 1610 670 1656 Consecratur
686 1613 853 1657 monasterium
869 1611 1002 1668 praelatum

144 1673 173 1718 ab
200 1674 311 1729 episcopo
338 1670 525 1718 Turonensium⁸
552 1671 675 1725 Vilhelmo‚
705 1670 798 1718 Ottonis
825 1671 1002 1729 Traiectensis⁷

144 1736 248 1791 episcopi
257 1735 350 1787 vicario,
361 1750 422 1779 anno
433 1736 496 1779 1242.
507 1733 535 1791 h)
543 1732 693 1790 Hildegardis
704 1750 770 1779 soror
779 1733 908 1791 Kemponis
918 1736 1001 1780 extitit.

168 1905 188 1946 a)
215 1905 295 1941 Gericus
312 1905 337 1941 ad
354 1905 495 1941 monasterium
512 1905 590 1941 rediens
607 1913 700 1947 magnum
718 1905 738 1940 in
756 1905 839 1941 cenobio
856 1905 927 1940 scisma
944 1905 1002 1947 parit,

141 1955 187 1990 dnm
199 1954 288 1997 plerique
300 1954 357 1996 nunc]
369 1954 439 1996 reliqui
451 1954 567 1996 Rippertum
579 1955 693 2001 sequuntur.
706 1953 798 1996 lelgerus
811 1954 888 1994 rediens
901 1963 925 1990 eo
938 1954 1002 1997 proii-

141 2003 226 2046 ascitur,
240 2013 281 2039 rem
295 2012 373 2039 omnem
386 2003 487 2046 intelligit,
500 2002 582 2040 liberam
596 2003 631 2039 dat
644 2003 735 2039 omnibus
749 2004 802 2045 quod
816 2003 877 2039 velint
890 2003 1002 2040 insl'tutum

142 2053 196 2095 sequi
209 2052 331 2088 electionem.
344 2052 403 2088 Facta
416 2053 511 2088 divisione
523 2061 570 2095 pars
582 2062 626 2088 cum
640 2053 711 2089 Gerico
724 2053 833 2095 permanet,
845 2052 915 2095 reliqui
928 2052 1002 2096 egressi

144 2101 220 2137 inviro
233 2102 251 2137 S.
264 2101 369 2143 Augustini
383 2102 472 2137 ordinem
485 2104 565 2137 serrant
577 2101 799 2137 Praemonstratensem.

168 2150 189 2191 b)
214 2149 236 2185 ln
248 2151 337 2192 margine
350 2151 375 2193 bij
387 2150 412 2185 A:
424 2151 480 2186 deest
492 2150 606 2192 „hortatur”
619 2153 652 2187 aut
664 2151 744 2192 aliquod
757 2150 825 2187 simile.

169 2198 187 2239 c)
213 2199 326 2234 exiamilia
339 2198 453 2240 narranti,-

169 2247 190 2288 dl
215 2257 286 2284 novam
301 2256 313 2283 a
326 2247 460 2284 fundamentis
474 2247 576 2284 ecclesiam
592 2247 741 2284 Harlremalrerlr
756 2248 827 2284 dictam
843 2247 916 2290 erigit;

170 2296 189 2337 e)
214 2297 272 2332 add:
290 2296 449 2339 Buvencloester,
460 2297 589 2339 Sepulchrum
601 2296 620 2333 S.
633 2296 708 2332 Mariae
714 2307 722 2339 ;

169 2345 186 2387 l)
218 2346 377 2381 Harlremalrerclr
390 2346 476 2388 dictam;

170 2395 192 2436 g)
217 2395 313 2431 adductae
330 2395 417 2437 virgines
435 2395 509 2431 ordinis
526 2394 638 2431 institutum
656 2395 789 2437 auspicantur,
806 2394 913 2437 pleraeque
931 2404 1004 2438 genere

146 2444 237 2486 nobiles;

170 2496 191 2537 n)
216 2496 257 2531 liec
270 2494 377 2537 Kemponis
391 2496 411 2529 et
424 2493 484 2530 larici
497 2503 555 2529 soror
568 2493 685 2529 declaratur.
699 2493 849 2529 iaricusducta
863 2493 964 2530 Mennoldi
979 2494 1003 2530 de

147 2544 311 2585 Hontumliusum,
320 2543 379 2579 Siuclr
388 2541 452 2578 iilium
461 2542 545 2584 peperit,
555 2542 587 2583 qui
597 2542 683 2577 moriens
692 2541 822 2578 nereditatem
832 2542 941 2578 maternam
952 2542 1004 2585 patri

147 2593 239 2635 relinquit
245 2605 253 2636 ;

172 2692 179 2727 l
206 2691 245 2728 Ws.
259 2689 349 2727 dezellde
362 2691 391 2727 als
403 2688 494 2726 Onsebus
507 2687 623 2731 Folprechia
636 2686 707 2731 (Gesta
719 2699 738 2732 p.
751 2689 800 2732 216).

170 2741 181 2777 2
205 2740 303 2784 Firdgum
316 2738 362 2776 Ν.Ο.
375 2749 411 2775 van
423 2737 527 2774 Francken

170 2789 181 2824 3
206 2786 411 2831 Harkema-Opeinde,
424 2786 446 2823 Ο,
460 2796 497 2822 van
511 2785 601 2829 Bergum.

171 2839 182 2873 4
208 2838 229 2873 13
241 2836 354 2872 December.

171 2887 182 2922 5
206 2886 310 2929 Waaxens,
322 2884 387 2921 Z.Z.O.
399 2894 436 2920 van
448 2882 547 2921 Holwerd.

171 2936 183 2971 6
207 2934 247 2971 Ws.
258 2933 326 2978 Tyrus,
338 2933 377 2975 vgl.
390 2931 451 2968 Gesta
463 2943 481 2975 p.
494 2932 529 2968 226
540 2934 590 2969 noot
603 2932 617 2967 l.

171 2983 186 3019 7·
207 2983 294 3026 Volgens
310 2983 334 3018 de
350 2981 410 3018 Gesta
426 2992 443 3025 p.
459 2981 494 3018 226
509 2991 548 3017 was
564 2980 679 3016 Wilhelmus
694 2980 813 3018 Turonensis
829 2991 865 3017 een
880 2981 1005 3025 wijbisschop

207 3042 244 3068 van
256 3032 305 3069 Otto
317 3041 353 3068 van
366 3030 432 3074 Lippa,
444 3030 475 3066 die
487 3029 553 3066 echter
565 3030 606 3066 niet
617 3030 636 3066 in
649 3030 699 3074 1242,
709 3029 762 3067 doen
774 3040 811 3066 van
825 3029 870 3066 1247
882 3030 904 3068 of
918 3031 962 3067 1248
974 3034 1006 3068 tot

209 3081 254 3118 1259
266 3081 358 3124 hisschop
372 3090 408 3116 vau
422 3079 548 3117 Munster
566 3089 612 3116 was.
