2121 3546
545 177 575 225 24

398 299 551 354 Ltudulphus
565 304 639 347 abbas
653 302 723 347 XXI.

134 418 279 480 Liudulphus
298 419 406 479 (Iioelofl
424 421 515 468 abbatis
530 422 605 469 infula
619 421 764 476 sublimatus.
780 424 816 469 sui
831 421 945 479 propositi
960 422 994 480 pii

131 488 154 528 et
167 485 249 540 optimi
261 485 383 539 impotens,
398 484 475 527 carnis
489 482 632 528 resolutione
645 487 794 538 praeventus,
808 482 949 528 transfertur
963 498 994 528 ex

130 543 175 590 hoc
187 543 306 601 ergastulo
319 543 349 589 ad
361 545 464 600 quietem
477 546 607 589 animarum
619 546 658 601 pie
671 545 825 598 morientium,
840 560 933 601 unoque
947 541 993 589 sal-

131 610 178 651 tem
191 621 302 662 percurso
315 607 371 650 anni
383 607 460 662 spatio
481 607 578 651 moritur
592 621 653 651 anno
668 608 732 650 1420.

401 722 541 773 Vibrandus
555 730 629 773 abbas
643 729 726 773 XXII.

134 850 268 896 Vibrandus
286 855 339 907 post
358 852 506 907 septennium
524 866 581 897 suae
599 855 721 908 pertaesus
739 850 909 907 praefecturae.
929 854 993 896 certo

135 928 191 956 usus
203 910 301 956 consilio
314 910 392 956 stabili
405 915 428 956 et
441 911 516 965 firmo,
531 916 602 957 exuto
614 910 695 956 habitu
708 910 815 965 candido,
829 912 994 957 canonicorum

131 972 172 1076 1161Ιᾶ
173 971 309 1076 rigffieditur
327 970 451 1027 collegium
468 971 610 1027 regularium
628 987 689 1017 anno
709 974 765 1016 1427
784 972 808 1016 in
833 971 939 1028 profesto
965 969 993 1016 D.

392 1146 534 1206 rzialing'us
549 1155 623 1199 abbas
638 1154 735 1198 XXIII.

136 1274 195 1321 Huic
210 1275 325 1321 suffectus
341 1274 413 1321 abbas
428 1275 455 1333 b)
469 1274 603 1332 Tzialingus
618 1291 708 1321 summo
724 1274 808 1329 studio,
824 1273 905 1321 labore
921 1279 944 1320 et
959 1277 994 1320 in·

132 1335 222 1381 dustria
240 1337 376 1381 monasterii
394 1334 491 1391 praedia
518 1335 653 1392 ampliando
679 1334 779 1381 feliciter
806 1338 872 1380 annis
899 1337 994 1391 triginta

135 1398 238 1454 quinque
248 1402 349 1453 praeest,
360 1398 385 1454 c)
396 1396 423 1442 In
433 1396 533 1442 Domino
544 1395 643 1442 feliciter
654 1398 751 1441 moritur
762 1412 824 1442 anno
836 1399 900 1450 1462,
912 1395 994 1442 Viardi

132 1459 287 1502 antecessoris
300 1455 424 1513 sepulchro
437 1455 516 1502 illatus
530 1458 635 1513 quiescit,

399 1581 536 1625 vilhelmus
549 1581 624 1624 abbas
637 1580 730 1625 XXIV.

135 1702 216 1748 Abbas
232 1702 362 1748 Vilhelmus
378 1719 498 1748 sacrarum
513 1704 628 1759 virginum
643 1704 667 1747 in
682 1702 699 1748 d
699 1704 711 1761 )
727 1702 811 1748 Merna
827 1704 877 1759 agri
893 1701 994 1749 Gronin·

132 1766 216 1820 gensis,
229 1765 345 1810 communi
357 1765 460 1809 omnium
471 1762 586 1819 suffragio
598 1762 670 1808 abbas
682 1765 706 1808 in
718 1762 855 1820 Marigarde
866 1761 994 1821 Tzialingio

132 1828 181 1870 viro
194 1825 305 1882 prudenti
317 1824 441 1871 sufficitur.
454 1823 499 1870 Hic
511 1828 595 1870 exacto
608 1823 727 1878 decennio.
742 1823 771 1870 de
784 1826 846 1881 agris
859 1827 995 1871 monasterii

132 1886 272 1943 ampliandis
291 1885 392 1932 sollicite
410 1884 532 1940 meditans,
552 1885 619 1931 lectis
638 1885 730 1931 insulae
749 1885 856 1940 Marken¹
876 1886 995 1944 quondam

132 1948 161 1994 ab
179 1947 308 1994 venerabili
326 1947 354 1993 D.
374 1946 490 1993 Sibrando
509 1946 593 1993 abbate
612 1949 662 1993 eius
681 1949 780 1993 nummis
799 1950 874 2004 primo
894 1952 993 2006 emptae.

136 2009 209 2055 literis
224 2027 236 2055 e
237 2010 249 2067 )
265 2009 341 2067 deque
354 2008 459 2055 violenta
472 2011 606 2055 comitissae
619 2008 705 2054 viduae
719 2012 879 2066 occupatione,
895 2009 995 2056 eandem

131 2069 232 2116 insulam
246 2086 336 2116 summo
351 2071 402 2126 jure
416 2072 440 2114 in
455 2068 527 2115 Curia
541 2071 612 2115 totius
627 2068 702 2126 Belgii
724 2071 839 2126 superiori
853 2068 995 2116 Brabantica

136 2131 224 2177 scilicet
236 2130 386 2185 Bruxellana,
399 2147 539 2188 recuperare
551 2130 677 2176 contendit.
690 2130 720 2176 Et
731 2130 794 2189 quod
805 2133 924 2188 negotium
935 2131 995 2179 illud

131 2202 227 2248 magnos
252 2194 356 2248 exigeret
381 2196 494 2248 sumptus,
519 2200 616 2248 magnas
640 2207 718 2237 moras
735 2207 861 2249 rerumque
877 2191 994 2249 ambages,

135 2254 239 2311 undique
249 2253 259 2298 f
259 2254 272 2311 )
283 2252 401 2310 stipulatis
413 2254 481 2309 agris,
494 2256 630 2309 comparata
642 2254 730 2309 ingenti
741 2255 893 2310 pecuniarum
905 2256 933 2307 vi.
947 2252 997 2300 col·'

132 2313 198 2360 lectis
211 2314 285 2359 literis
296 2330 390 2370 unoque
402 2312 491 2359 famulo
503 2315 548 2370 ipsi
560 2312 681 2366 fidissimo.
695 2311 833 2359 Bruxellam
844 2316 910 2371 petit,
923 2314 995 2360 Prae·
1028 2323 1030 2326 ’

132 2380 183 2422 erat
201 2392 229 2422 eo
247 2380 353 2432 tempore
372 2374 458 2421 Curiae
483 2377 549 2432 ipsus
575 2373 719 2420 Brabantiae
744 2373 793 2421 dux
818 2377 994 2433 potentissimus

159 2671 180 2710 a}
204 2671 300 2713 resumin

159 2719 181 2761 b)
206 2698 333 2760 Tzialingius;

124 2800 126 2805 ,
159 2767 179 2852 ὃ)
204 2767 256 2802 add:
269 2766 381 2802 veneranda
393 2765 465 2802 meruit
479 2764 529 2801 adeo
543 2764 617 2800 canicie
630 2764 728 2806 decorari·

159 2815 181 2905 ei
204 2814 411 2899 anitiiiizdnibitot
370 2862 411 2898 frat
412 2871 454 2898 rum
467 2861 555 2897 omnium
568 2860 637 2896 consiti
638 2868 660 2903 0,-

159 2912 177 2954 1)
202 2910 484 2954 11ξ1ο111111011111111013110116,Ι

161 3010 168 3046 l
197 3010 218 3046 10
230 3008 346 3046 November.
