2121 3546
565 219 593 262 12

449 341 548 386 Jaricus
563 341 638 384 abbas
653 339 708 384 VII.

152 462 280 520 uldaricus
292 467 373 519 pastor
383 460 499 507 ecclesiae
507 463 531 507 in
542 460 609 519 Gryn
620 460 731 507 deluncto
742 459 858 506 Sibrando
868 464 972 514 vocatus,
983 463 1010 506 ut

152 524 245 569 futurae
263 525 354 568 intersit
372 522 489 575 electioni,
509 524 580 568 misso
598 539 641 579 per
659 524 756 577 nuncios
774 522 805 567 ad
823 521 867 567 hoc
886 537 916 567 ex
934 520 1009 567 Horto

152 584 281 629 destinatos
295 585 373 639 priore
387 583 461 628 tratre
475 583 545 628 Petro
560 582 589 628 ab
604 581 776 628 Steinveldensi
790 581 881 635 abbate,
897 597 953 627 sene
968 581 1010 627 ad-

152 645 247 690 modum
271 643 399 698 Machario,
426 644 457 690 ad
482 644 565 690 aedem
591 642 745 700 capitularem
763 645 903 689 conveniunt
921 659 1009 688 omnes.

150 704 237 751 Habita
258 721 272 751 a
293 705 364 751 Petro
385 707 435 751 viro
458 705 527 752 docto
549 708 654 751 oratione
677 704 753 761 longa,
778 704 847 750 docta
866 703 893 750 ‘et
915 706 955 761 pia
978 703 1009 750 ad

152 767 290 813 electionem
314 768 448 812 unanimem
472 766 617 820 cohortatum
643 766 758 823 suflragia
783 765 930 822 colliguntur.
967 764 1009 811 His

150 829 205 873 visis
223 829 339 873 communi
356 832 410 873 voto
428 827 521 883 eligitur
539 826 639 881 Jaricus,
658 843 700 873 suo
718 826 797 873 seculo
816 825 889 872 literis
907 827 1009 883 exquisi-

152 893 175 933 e
152 888 271 941 cultus
286 887 300 934 b
301 889 313 945 )
327 888 434 934 doctrina
447 893 577 946 praestans,
592 905 639 946 qua
653 887 697 934 sibi
711 888 742 934 ad
756 888 855 944 dignitat
856 904 893 934 em
906 887 971 934 oblat
961 892 1009 933 tam

152 947 222 994 facile
237 950 329 1004 paravit
345 964 472 994 accessum.

152 1007 236 1053 Pastor
266 1007 393 1064 aliquando
424 1009 448 1052 in
479 1006 575 1053 Hallum
605 998 716 1061 existens,
748 1008 853 1063 magistri
883 1006 1009 1060 Frederici,

152 1083 166 1112 a
192 1066 321 1112 venerabili
347 1065 374 1113 D
387 1066 503 1112 Sibrando
530 1067 560 1112 ad
586 1042 754 1112 instituendam
781 1065 866 1123 pubem
894 1065 1009 1119 conducti,

152 1125 290 1171 lectionibus
327 1125 432 1183 quotidie
469 1125 581 1171 interluit.
620 1125 724 1182 Magnis.
743 1125 852 1171 adhibitis
884 1125 1008 1179 laboribus,

152 1187 270 1241 ingentem
312 1185 356 1231 sibi
398 1187 490 1242 paravit
533 1185 669 1231 eruditionis
713 1184 893 1242 consequendae
937 1201 1008 1241 spem,

149 1244 340 1302 quandoquidem
351 1244 437 1291 talibus
449 1244 621 1290 concedebatur
633 1246 667 1290 uti
678 1244 876 1301 praeceptoribus.
901 1243 1011 1290 Sibrandi

153 1308 280 1352 autoritate
294 1308 318 1351 in
333 1305 450 1363 c)Grynd
466 1305 580 1363 plebanus
596 1306 733 1359 destinatus,
751 1307 848 1362 juvenes
871 1308 957 1351 civium
979 1305 1010 1352 ad

153 1369 264 1424 pietatem
276 1367 417 1421 cohortatus,
429 1366 523 1423 publico
534 1365 629 1427 scholae
640 1366 782 1413 moderatori
793 1366 891 1413 tradidit
902 1366 1010 1414 erudien-

153 1428 203 1474 dos.
214 1427 303 1474 Videns
315 1433 338 1474 et
349 1427 408 1474 illud
419 1445 449 1474 ex
460 1433 514 1474 voto
525 1428 588 1474 haud
600 1431 656 1473 satis
668 1428 801 1482 succedere,
814 1430 940 1484 assumptis
951 1444 1010 1485 quos

153 1488 273 1545 delegerat
297 1489 432 1543 scolasticis,
457 1492 575 1535 traiiciens
600 1489 703 1535 reddidit
726 1487 847 1535 Tammoni
870 1491 1011 1535 novitiorum

153 1549 280 1607 praelecto,
292 1552 332 1607 qui
344 1551 395 1606 ipse
406 1549 525 1607 quondam
537 1549 652 1596 ecclesiae
663 1552 686 1595 in
699 1548 814 1596 Wartna1
827 1554 915 1607 pastor,
928 1550 1011 1596 relicto

149 1610 242 1664 mundo,
252 1610 358 1657 ordinem
365 1616 502 1668 susceperat
510 1611 773 1657 Praemonstratensem.
786 1611 815 1669 d)
823 1610 913 1657 Horum
921 1613 1011 1667 praeci·

151 1674 191 1729 pui
202 1672 269 1718 fuere
279 1671 443 1726 Theodericus,
455 1674 496 1730 qui
508 1677 531 1718 et
542 1671 691 1729 postmodum
703 1671 775 1718 abbas
787 1672 882 1726 electus,
897 1672 922 1731 e)
930 1672 1009 1730 Werp,

151 1733 188 1779 hic
199 1733 309 1791 deinceps
320 1735 468 1792 praepositus
480 1732 603 1790 Sepulchri
615 1732 638 1780 S.
650 1734 742 1780 Mariae
753 1736 776 1779 in
788 1734 810 1791 1)
818 1733 983 1780 Feencloester
995 1736 1003 1758 ²

154 1793 259 1852 Syardus
274 1797 413 1853 caeterique.
429 1794 522 1841 Jaricus
538 1812 566 1842 eo
580 1812 626 1853 quo
641 1795 743 1852 praeluit
758 1800 863 1853 tempore
878 1795 908 1842 de
923 1795 1011 1842 studio·

152 1872 203 1902 rum
212 1855 330 1902 laboribus
339 1856 396 1902 nihil
405 1858 532 1911 remittens,
542 1859 622 1914 apium
630 1859 704 1903 instar
713 1873 780 1902 sacra
789 1859 867 1903 omnia
875 1856 1009 1914 perlustrat,

154 1919 248 1974 suisque
263 1918 346 1964 studiis
360 1934 467 1976 quaeque
481 1917 609 1975 applicans,
625 1920 804 1965 commentarios
818 1935 890 1965 manu
903 1920 1010 1975 scriptos,

151 1978 222 2024 modo
231 1982 340 2035 tempore
349 1980 434 2024 iniuria
443 1981 549 2033 amissos,
560 1980 584 2024 in
594 1978 747 2025 Canticorum
758 1978 858 2025 Cantica
868 1981 1008 2036 composuit.

154 2036 213 2084 Stilo
229 2038 355 2085 admodum
372 2038 436 2084 lacili
452 2055 515 2093 usus,
532 2040 637 2096 quemvis
654 2038 766 2085 lectorem
782 2040 840 2085 mire
857 2038 950 2093 adiecit,
969 2055 1011 2086 suo

174 2211 194 2254 a)
221 2210 331 2248 Venerabili
349 2212 371 2248 D.
389 2210 486 2247 Sibrando
505 2209 600 2247 detuncto
618 2209 758 2247 steinveldiarn
777 2210 864 2252 mittunt,
883 2211 915 2253 dui
934 2210 1011 2247 abbatis

153 2261 247 2298 Macharii
260 2261 340 2297 nomine
353 2260 437 2296 electum
450 2259 555 2303 presideat.
569 2258 604 2296 1116
617 2259 714 2296 submisso
728 2260 751 2296 D.
764 2259 824 2295 Petro
839 2259 955 2296 electionem
969 2269 1010 2296 ma-

154 2311 256 2347 turandam
266 2311 338 2346 censet.
349 2310 385 2345 llic
395 2309 484 2345 collectis
493 2309 584 2346 omnibus
594 2308 676 2351 longam
686 2309 798 2345 orationem
808 2308 889 2345 latinam
900 2310 921 2345 61
932 2310 1010 2345 doctam

153 2361 231 2404 proiert
247 2368 285 2401 dua
300 2358 325 2395 ad
341 2358 467 2395 concordiam
483 2358 563 2400 hortati,
579 2357 677 2394 communi
694 2358 792 2400 sutfragio
809 2358 902 2394 idoneum
918 2359 1010 2395 abbatem

153 2409 255 2451 eligerent.
282 2407 377 2445 Cenobite
396 2407 539 2444 deliberatione
558 2407 625 2444 habita
643 2407 720 2450 ingenti
740 2407 850 2443 animorum
870 2416 971 2443 consensu·
987 2408 1009 2444 D.

153 2458 239 2495 laticum
250 2457 319 2500 oppidi
330 2457 350 2493 in
363 2457 417 2499 Griin
429 2457 520 2493 abbatem
532 2457 625 2493 salutant.

177 2507 197 2548 b)
223 2517 258 2542 nec
271 2515 356 2549 poeseos
368 2506 463 2548 ignarus·

176 2556 195 2598 61
222 2557 291 2599 Griin;

177 2605 198 2647 d)
177 2604 252 2641 Ex
264 2614 298 2641 sco
300 2604 329 2640 as
331 2606 388 2647 rcrs

177 2654 196 2696 61
223 2654 319 2697 Verpius,·

176 2703 194 2745 11
219 2703 386 2745 Buvencloester;

178 2802 186 2837 1
212 2801 311 2846 Wartena,
324 2801 393 2838 O.Z.O.
406 2811 443 2837 van
457 2800 593 2837 Leeuwardcn.

177 2850 188 2886 2
212 2849 252 2886 1161
263 2849 353 2887 klooster
365 2848 493 2893 Sepulchrum
506 2848 524 2885 S.
536 2849 612 2886 Mariae
624 2849 640 2885 is
652 2850 694 2885 niet
706 2848 851 2886 Vcenklooster
864 2848 931 2892 (11110111
945 2850 1010 2887 Olive-

213 2899 259 2943 tus),
273 2898 323 2936 doch
337 2898 500 2935 Buwe-klooster.
514 2898 547 2935 Zie
560 2898 606 2935 Vita
620 2898 666 2935 ldzo
679 2897 778 2934 Hermann
792 2897 855 2942 (1287)
869 2900 889 2935 111
903 2899 952 2935 libb.
967 2898 1010 2935 Lid-

213 2948 265 2992 lum.;
276 2948 292 2984 1.
301 2947 394 2993 Reitsma,
403 2946 502 2991 Stichting
510 2958 547 2984 van
557 2946 711 2992 Buweklooster‚
721 2946 750 2984 Fr.
760 2947 867 2984 Volksalm.
879 2948 930 2993 1884,
939 2958 957 2992 p.
969 2949 1010 2992 10&

212 2996 234 3032 Α.
247 2996 264 3033 1,
276 2996 372 3041 Andreae,
384 2996 493 3033 Oudheidk.
506 2995 648 3033 Plaatsbeschr.
661 3006 698 3033 van
711 2996 735 3032 de
747 2999 851 3040 gemeente
863 2996 1010 3034 Kollurnerland

213 3047 256 3090 etc,
266 3044 344 3083 Kollurn
356 3045 407 3089 1885,
419 3044 435 3081 Il
446 3055 465 3089 p.
476 3045 504 3082 21.
