2121 3546
539 221 566 266 10

120 340 287 388 Coeverdiensi
317 340 447 387 castellano
478 341 543 395 duce,
574 343 602 400 o)
632 346 706 388 semet
736 346 838 387 armatos
869 343 980 399 episcopo

122 403 239 449 obiiciunt.
253 402 280 461 b)
293 402 341 449 Sua
353 405 377 448 in
390 405 517 449 certamine
529 403 627 450 vafricia
639 405 682 457 usi,
696 402 819 460 paululum
831 402 980 449 retroceden-

121 468 164 518 tes,
179 463 270 510 hostem
284 466 369 509 acriter
383 465 546 521 insequentem
560 480 650 510 summo
666 463 793 509 discrimini
807 465 831 509 in
846 462 898 509 loca
912 462 980 520 palu-

120 524 209 578 dinosa,
225 539 284 570 ceno
298 522 394 581 lutoque
408 526 487 569 tenaci
500 523 597 581 oppleta
611 526 723 570 iniiciunt.
752 523 796 570 Hic
811 522 876 570 velut
890 523 981 581 laqueis

122 584 321 631 inextricabilibus
339 587 409 642 capti,
428 602 443 631 a
460 587 626 631 circumstante
644 584 711 631 hoste
729 584 882 632 trucidantur.
917 584 980 631 Inter

120 645 222 703 reliquos
236 644 373 691 Hesselinus
387 645 490 692 decanus
504 645 689 703 Oestergoensis,
712 644 827 693 Sibrando
856 645 982 703 plurimum

122 706 227 761 dilectus,
238 712 320 765 captus
329 709 422 753 veniam
430 712 546 764 precatur,
556 709 580 753 iu
589 707 701 754 mulctam
709 709 761 754 auri
768 710 861 765 copiam
869 706 980 753 militibus

122 770 269 825 promittens3
295 783 310 813 a
333 772 399 824 tergo
423 768 538 814 accedens
563 770 663 814 rusticus
681 768 773 814 sublato
790 767 875 814 baculo
890 767 980 815 nodoso

122 827 230 885 illisoque
251 830 323 884 capiti
345 827 505 874 excerebravit
527 831 610 886 ipsum,
632 828 676 874 hoc
690 827 858 875 contumeliose
872 828 980 875 addens:

123 887 192 942 „Jam
209 888 304 935 cuilibet
321 906 351 934 ex
368 893 408 935 tuo
425 905 522 934 munere
539 905 660 947 aequaeva
677 905 733 946 pars
750 887 885 946 contingit.''
903 888 980 946 Hujus

122 950 223 995 cadaver
240 950 272 995 ad
288 952 456 996 monasterium
473 950 583 1004 delatum,
602 949 731 996 honorifice
749 950 868 1007 sepelitur.
887 949 981 1008 Reliqui

122 1009 178 1065 luga
193 1008 294 1055 salutem
308 1014 440 1067 querentes,
457 1011 527 1055 variis
543 1011 652 1056 itinerum
668 1009 803 1066 ambagibus
818 1011 856 1056 usi
871 1010 981 1056 evadunt.

122 1070 294 1128 c)Rodolphus
312 1087 369 1117 suae
387 1072 410 1116 in
429 1073 566 1128 episcopum
582 1070 699 1130 perfidiae
716 1087 816 1128 poenam
835 1071 909 1125 luens,
929 1087 982 1117 cum

123 1130 237 1189 Heynone
251 1131 347 1178 robusto
361 1134 445 1178 comite
460 1135 661 1190 captus','resectis
676 1132 791 1191 capitibus
806 1134 864 1179 rotis
879 1134 982 1189 impositi

122 1192 254 1240 volucribus
268 1199 445 1250 exponuntur
430 1195 437 1216 ²

122 1256 251 1302 Anastasia
264 1255 423 1302 illustrissima
436 1255 591 1301 Pomeraniae
605 1255 659 1309 dux,
675 1254 766 1301 abbatis
781 1254 895 1301 Ottonis
889 1271 912 1300 m
927 1253 980 1300 Bel-

122 1317 196 1363 boech
211 1316 332 1363 CastriD
347 1316 420 1362 Pe
381 1320 411 1361 rr
435 1317 524 1373 pietate
539 1317 631 1369 mota,¹
624 1332 711 1373 ipsum
716 1314 825 1361 abbatem
840 1314 982 1387 Sibrandum

68 1408 70 1412 -
120 1377 233 1424 accedere
250 1376 321 1434 jubet,
338 1378 410 1422 animi
425 1378 461 1422 sui
477 1378 618 1422 sententiam
633 1369 753 1433 explicare
768 1378 933 1433 praecipiens

123 1441 201 1485 animo
213 1440 258 1496 ipsi
271 1455 323 1484 esse
335 1455 365 1484 ex
377 1437 523 1483 haereditate
536 1442 635 1494 paterna
648 1454 759 1484 concesso
773 1438 831 1491 loco,
845 1440 883 1484 cui
896 1455 910 1484 a
923 1437 981 1484 rubo

122 1516 208 1545 nomen
218 1504 275 1553 erat,
287 1501 374 1544 sanctis
385 1498 511 1554 virginibus
522 1500 597 1543 nostri
607 1497 695 1544 ordinis
714 1500 881 1544 monasterium
893 1500 982 1555 erigere

122 1561 227 1614 vellat
201 1565 227 1606 ut
228 1576 274 1617 que
284 1559 337 1605 huic
348 1576 391 1605 suo
401 1561 507 1605 instituto
519 1561 617 1616 sumptis
628 1576 658 1605 ex
669 1562 811 1605 monasterio
822 1559 857 1604 Be
857 1559 981 1605 thleemiti·

123 1638 150 1667 co
162 1621 308 1678 virginibus'
303 1622 349 1678 rpsi
360 1620 487 1674 submittat,
471 1624 559 1693 tquas
572 1620 626 1666 huic
638 1637 699 1666 novo
712 1620 818 1677 collegio,
831 1623 869 1666 cui
882 1623 982 1677 ipsamet

123 1683 171 1729 dux
183 1685 336 1741 commigrare
347 1682 484 1727 decreverat
474 1684 607 1738 timponat
618 1698 662 1739 pro
674 1681 720 1728 loci
731 1684 890 1739 temporisque
901 1698 981 1728 neces-

123 1746 143 1789 si
143 1748 199 1789 t.ate
212 1743 293 1789 Abbas
306 1743 351 1789 hoc
363 1742 497 1789 foeminae'
491 1760 515 1788 m
528 1743 604 1789 Deum
616 1744 709 1789 iervore
722 1745 863 1801 pietatisque
876 1743 928 1789 zelo
941 1743 981 1790 de·

123 1805 223 1851 lectatus
243 1804 385 1862 obsequitur
426 1804 452 1850 ln
473 1803 595 1850 Bethleem
614 1804 741 1862 proiectus,
762 1804 856 1862 prolixa
876 1806 982 1851 oratione

123 1866 209 1920 habita,
220 1865 273 1912 illas
285 1867 316 1911 ad
326 1865 463 1923 obsequium
473 1865 552 1912 hortat
542 1870 581 1912 tur
592 1883 597 1911 ι
617 1871 723 1913 sanctum
734 1883 787 1912 esse
797 1882 863 1923 opuS,
876 1865 982 1912 christia-

122 1944 184 1981 num,
204 1930 268 1985 pium
295 1933 318 1973 et
337 1928 446 1982 coeleste,
466 1933 490 1973 et
509 1926 603 1973 Christo
622 1932 645 1973 et
665 1927 771 1985 patribus
790 1927 981 1984 obtemperando,

123 1991 196 2046 ipsius
205 1988 293 2035 cultum
302 2004 446 2045 promovere,
456 1988 487 2034 ad
496 1987 609 2034 horrorem
617 1988 661 2035 Dei
670 2005 744 2034 novas
753 1988 864 2046 colligere
873 1988 981 2043 familias,

124 2049 166 2096 sub
182 2049 269 2096 Christi
285 2054 308 2096 et
323 2049 351 2095 D.
368 2050 494 2106 Augustini
509 2049 591 2106 regula
606 2049 657 2096 Deo
672 2049 806 2096 militantes,
824 2049 866 2097 His
883 2050 983 2108 aliisque

123 2113 167 2168 piis
183 2110 347 2157 monitionibus
363 2110 513 2157 lachrimulas
530 2111 609 2157 multis
625 2114 730 2157 extorsit.
747 2110 852 2158 Tandem
868 2116 982 2169 quotquot

123 2177 190 2217 erant
200 2188 297 2217 numero
309 2171 435 2217 admodum
446 2173 541 2228 copioso
553 2176 576 2217 et
587 2171 706 2229 frequenti
717 2188 769 2218 sese
780 2172 982 2229 obtemperaturas

123 2234 270 2289 promittunt;
288 2234 339 2289 ipse
355 2249 385 2278 ex
401 2232 507 2278 omnibus
524 2231 641 2278 delectum
657 2231 749 2287 habeat,
766 2249 826 2290 quas
842 2233 983 2291 protectioni

121 2297 189 2349 aptas
199 2294 267 2338 norit.
277 2291 401 2349 Eliguntur
410 2309 441 2337 ex
450 2293 660 2350 praestantioribus
670 2293 752 2338 decem
763 2310 768 2338 ι
787 2296 810 2339 ιιι
820 2296 901 2351 primis
912 2294 983 2340 Anna

124 2370 154 2399 ex
167 2353 240 2399 nobili
254 2353 343 2399 familia
358 2353 387 2400 de
401 2352 532 2408 Markelen,
547 2356 625 2411 neptis
639 2353 722 2400 Renici
736 2355 765 2413 d)
773 2354 865 2402 laudati
879 2355 984 2413 clarique

124 2415 155 2461 de
167 2414 297 2470 Markelen,
312 2419 465 2472 cognomento
479 2415 566 2472 Magni,
581 2418 647 2463 cuius
660 2418 806 2462 meminimus
820 2418 844 2462 in
858 2415 983 2463 Frederico

148 2555 168 2597 a)
193 2555 290 2598 Heynone
303 2554 385 2590 robusto
399 2554 481 2589 ductore
494 2555 571 2588 armata
584 2552 625 2589 acie
638 2553 733 2596 episcopo
747 2554 809 2589 semet
822 2553 923 2590 obiiciunt.

148 2605 169 2646 ιι)
196 2603 307 2640 calliditate
297 2603 355 2644 ensi,
366 2611 478 2645 regressum
490 2601 590 2644 simulari
576 2604 703 2644 tquousque
716 2602 808 2644 hostem,-

146 2654 165 2695 c)
190 2653 336 2696 Redolphuset
347 2653 417 2694 Heyno
428 2653 475 2695 post
467 2651 555 2687 tmodum
566 2630 619 2694 cipri
631 2650 760 2695 decollantur
771 2661 794 2687 ιο
796 2652 821 2688 tis
831 2652 891 2688 ιιιιεει
891 2652 897 2688 ι
883 2651 983 2689 tvolucrt

125 2705 257 2746 exponuntur.
267 2703 299 2739 Sic
310 2702 390 2738 meritas
401 2701 498 2744 perfidiae
508 2709 583 2744 poenas
593 2701 655 2737 ιιιιιιιι.

148 2751 169 2793 d)
196 2750 243 2785 Ves
235 2752 301 2792 unga
313 2759 338 2785 ex
352 2749 399 2785 Ves
391 2751 476 2792 ergca

149 2850 157 2884 1
184 2846 231 2891 sug
245 2848 271 2891 bij
286 2847 403 2884 Bakkeveen
418 2846 449 2891 (17
464 2845 518 2890 Sept.
534 2845 593 2890 1232).
609 2845 638 2881 De
654 2845 818 2889 bijzonderheden
833 2847 888 2882 sinan
903 2857 930 2890 op
945 2846 983 2884 den

183 2897 227 2939 stag
237 2896 263 2939 bii
274 2896 316 2932 Ane
327 2894 375 2939 (vgl.
386 2894 488 2939 Quaedam
498 2894 593 2931 Narratio
604 2894 629 2930 de
640 2893 762 2939 Groningne,
774 2897 819 2939 etc.;
830 2894 860 2931 ed.
872 2894 921 2932 Hist.
934 2894 982 2932 Gen.

183 2944 269 2981 Werken
281 2943 324 2981 ΝΒ.
336 2945 365 2989 49,
379 2944 429 2989 1888,
442 2954 460 2987 p.
473 2943 510 2987 43).

147 2994 159 3030 2
184 2992 484 3038 sse1b0g‚Praemonstratenser
496 2991 586 3029 klooster
597 2992 624 3034 bii
635 2991 728 3035 Treptow
741 3001 777 3027 aan
790 2992 815 3028 de
826 2991 881 3035 Rege
893 2993 912 3028 ιιι
925 2992 983 3030 Ροιιι-

184 3051 256 3079 meren.
