2121 3546
445 232 517 279 XLIX

54 354 158 401 kloosler
168 352 285 411 Dilighem
296 355 311 408 ²,
323 353 456 400 verschafte
466 353 520 400 hem
531 371 575 401 een
586 353 683 409 tweede,
697 353 737 400 dat
749 353 835 400 slechts
848 355 871 399 in
884 353 913 399 de

55 413 154 472 spelling
171 414 212 460 der
227 430 313 461 namen
328 414 419 461 alweek
434 431 480 461 van
495 414 535 461 hel
551 414 738 472 Tongerloosehe
746 416 762 460 ².
778 414 814 461 De
829 431 912 460 veron-

55 473 191 530 derstellinp
202 474 243 531 ligr
253 491 310 520 voor
321 474 350 520 de
360 474 430 529 hand,
442 475 483 521 dal
494 475 528 521 dit
538 474 685 521 handschrill
695 477 730 522 uit
740 473 872 532 Tongerloo
883 474 913 521 de

54 536 121 591 copie
131 539 233 591 geweest
242 536 262 580 is
272 551 318 580 -van
329 534 464 588 Mutsaerts.
477 534 537 581 doch
547 534 643 592 volgens
655 535 723 593 Hugo
734 535 799 582 komt
810 535 843 582 dev
851 535 914 581 dood

54 611 99 641 van
115 593 235 651 Regnorus
250 594 360 652 Asperen
374 597 398 641 in
413 594 453 641 hel
468 594 521 641 hem
536 596 697 652 toegezonden
712 595 849 653 exemplaar
864 598 913 641 niet

55 671 117 708 voor¹
135 654 219 712 lerwijl
236 653 281 700 ool<
298 654 328 700 de
344 654 449 701 redactio
465 671 510 701 van
527 657 620 712 uitgave
637 673 668 702 en
684 655 831 702 handschrilt
848 655 912 702 slerk

55 714 206 771 uiteenloopl.
219 713 293 761 Zeker
305 717 324 761 is
336 714 422 769 echter.
436 715 477 761 dat
489 715 518 761 de
530 718 674 773 textuilgave
686 733 731 762 van
744 715 816 773 Hugov
825 733 870 762 aan
884 716 913 762 de

55 774 145 821 tweede
156 784 227 832 groep
238 790 283 820 van
294 774 472 821 handsehriflen
481 781 586 822 verwant
596 778 623 821 is.
709 788 711 790 ’

83 1371 119 1427 Bij
136 1370 166 1417 de
181 1373 275 1427 uitgave
291 1373 310 1417 is
327 1376 406 1428 strong
423 1371 599 1428 vastgehouden
615 1389 660 1418 aon
677 1372 724 1418 den
740 1371 802 1418 teksl
819 1389 864 1418 van
881 1372 911 1418 A.

83 1429 238 1535 {omginsche
255 1430 334 1487 eijfers
352 1433 399 1488 zijn
416 1430 496 1477 echter
513 1437 587 1477 meesl
605 1431 640 1477 als
658 1431 790 1478 Arabische
807 1434 923 1489 perraris-e

54 1506 87 1534 err
104 1506 143 1535 eer
162 1524 166 1534 .

84 1548 111 1594 In
123 1548 201 1605 plaats
214 1566 259 1594 van
271 1548 311 1595 hel
323 1548 483 1595 tekstkritisch
496 1555 612 1607 appareat
624 1553 647 1596 in
660 1553 765 1607 margine
777 1550 808 1608 bij
822 1550 851 1605 Α,
865 1553 912 1608 zijn

54 1608 84 1653 de
95 1607 212 1665 zakelijke
223 1608 374 1665 alwijkingen
386 1626 431 1655 van
445 1609 474 1655 de
486 1609 577 1655 tweede
590 1610 694 1656 redaclie
706 1612 730 1656 in
744 1610 773 1656 de
786 1615 858 1656 noten
870 1627 912 1667 op·

55 1677 176 1723 gemmeo,
194 1667 290 1725 waarbij
308 1668 327 1713 B
346 1673 380 1714 lot
399 1668 524 1725 grondslag
543 1669 635 1715 diendo.
654 1668 913 1726 Spellingsversohillen

55 1729 78 1771 in
90 1726 119 1772 de
130 1743 215 1772 namen
226 1729 272 1784 zijn
284 1727 362 1773 steeds
374 1728 508 1784 genoleerd.
520 1728 556 1774 De
567 1730 723 1785 interpunctio
734 1731 754 1775 is
766 1732 789 1775 in
801 1746 913 1776 overeen·

55 1788 178 1843 stemming
189 1785 300 1843 gebracht
311 1792 358 1832 mel
370 1787 400 1833 de
410 1786 505 1833 eischen
516 1804 562 1833 van
574 1788 648 1834 dezen
659 1788 709 1845 tijd.

78 2726 85 2761 l
113 2725 133 2760 ln
149 2724 194 2761 1797
206 2734 285 2769 „mense
298 2724 358 2761 ,lunio
371 2723 470 2761 divendita
484 2726 527 2762 tota
541 2724 619 2761 abbatia
633 2734 677 2761 cum
690 2725 744 2761 omni
757 2734 808 2768 pene
821 2724 911 2767 ejusdem

112 2772 244 2816 suppellectili
257 2775 298 2809 tam
311 2782 368 2809 sacro
381 2782 439 2815 quam
452 2772 544 2817 profano,
558 2772 583 2809 ab
596 2772 685 2814 ejusdem
698 2772 774 2814 injusto
788 2775 878 2816 emptore
892 2776 912 2809 et

112 2831 227 2864 possessore
238 2820 326 2857 funditus
337 2821 375 2857 fuit
386 2831 453 2856 eversa
465 2824 485 2857 et
495 2822 539 2858 solo
551 2821 651 2864 aequam
663 2820 804 2864 Necrologium
815 2821 911 2857 Abbatiae

114 2869 252 2912 Diligernensis
262 2880 280 2913 p.
290 2869 319 2914 87,
329 2868 358 2905 ed.
369 2868 386 2905 J.
397 2869 506 2914 lavalleye,
517 2869 572 2905 Anal.
583 2869 658 2906 Praem.
668 2869 689 2905 T.
701 2870 726 2905 ΙΙΙ
737 2870 784 2906 fasc.
796 2870 810 2914 l,
822 2870 872 2907 1927.
883 2869 912 2906 De

115 2917 219 2954 archivalIa
229 2916 318 2953 kwamen
328 2916 455 2960 gedeeltelijk
464 2926 500 2953 aan
511 2916 545 2953 het
555 2916 697 2954 staatsarchief
706 2920 727 2954 te
738 2917 822 2963 Brussel,
833 2918 912 2961 gedeel-

114 2965 169 3008 telijk
180 2974 217 3000 ean
230 2964 302 3000 andere
313 2963 519 3001 Praemonstratenser
531 2964 613 3008 ahdijen.

79 3013 90 3049 2
114 3012 148 3049 Dit
161 3012 218 3056 blijkt
231 3012 260 3048 uit
273 3012 297 3048 de
311 3012 375 3049 editie.
401 3011 444 3049 Zell
457 3016 503 3056 zegt
516 3012 576 3056 Hugo
590 3023 627 3049 van
641 3012 666 3049 de
680 3012 736 3050 beide
751 3013 912 3052 lrandschriften:

112 3060 233 3106 „Utrumque
244 3062 264 3098 in
276 3061 331 3099 nullo
343 3060 475 3099 discordans.”
