2121 3546
474 247 503 290 77

54 368 170 427 >templum
179 368 272 416 delatus
281 371 351 415 matri
359 370 383 414 in
392 370 517 426 posteriori
526 385 609 415 sacrae
619 369 684 416 aedis
694 375 763 427 parte
773 369 918 416 contumula-

58 437 95 479 tur
105 448 167 477 anno
177 436 260 489 partae
271 431 353 477 salutis
366 433 430 477 1553,

222 519 355 563 Isbrandus
365 518 533 570 Harderwiiolr
544 520 618 573 abtas
629 519 751 563 XXXIII.

62 606 147 653 Curato
177 605 260 651 funere
289 603 450 650 Lidlomenses
474 603 557 649 aedem
572 603 727 661 capitularem
742 605 841 661 ingressi
857 604 919 649 sacri

58 668 160 713 flaminis
186 670 294 713 invocata
319 667 401 722 gratia,
419 664 560 711 venerabilis
578 671 646 723 pater
664 665 736 712 abbas
755 666 782 712 D.
802 665 918 712 Henricus

58 728 159 776 Smenclr
168 728 239 785 longa
247 730 353 774 oratione
361 727 442 774 habita
450 727 539 774 ordinis
549 732 637 774 statuta
648 728 712 786 jubet
722 729 830 786 proferri.
841 728 919 785 Caput

59 792 88 838 de
98 790 167 837 modo
178 789 298 837 electionis
308 807 323 836 a
332 790 360 836 D.
372 789 488 836 Sibrando
498 794 593 846 pastore
603 790 793 836 Menaldomensi
803 791 835 836 ad
845 790 918 848 pedes

58 855 131 911 ipsius
147 853 243 899 mandat
258 854 358 906 recitari.
374 851 458 909 quibus
473 854 575 908 peractis
591 852 620 898 de
636 852 750 899 electione
765 855 848 909 agitur.
865 852 919 899 Fuit

58 916 95 962 hic
105 919 234 961 conventus
244 914 355 971 frequens
366 913 499 967 admodum,
510 913 589 960 multis
599 916 655 960 viris
666 931 745 961 rerum
754 916 838 961 notitia
848 914 919 961 claris

58 981 163 1030 ornatus,
174 992 274 1034 quorum
283 978 378 1023 nomina
388 979 528 1032 sequuntur:
539 974 646 1023 Joannes
655 974 780 1034 Veijdman
790 976 917 1023 Colonien-

59 1039 90 1082 sis
107 1038 177 1093 prior.
194 1035 275 1081 Victor
292 1035 501 1081 Amorslordianus
518 1052 658 1082 oeconomus
684 1036 766 1082 doctus
784 1040 807 1082 et
824 1036 918 1093 probus,

59 1097 195 1144 Joachimus
206 1096 346 1143 'Doesborch
361 1099 384 1142 in
400 1097 482 1143 Baiom
497 1099 568 1154 prior,
585 1097 724 1144 Franciscus
740 1097 919 1144 Leovardiensis

52 1162 140 1217 'pastor
150 1162 174 1205 in
184 1158 353 1213 Tzommarom,
365 1158 646 1217 IsbrandusHarderwyk
657 1164 741 1217 pastor
751 1162 775 1206 in
787 1160 915 1218 Spannom.

59 1223 143 1268 Petrus
155 1220 258 1267 Goutom
277 1226 359 1278 pastor
370 1223 394 1266 in
406 1221 434 1278 a)
446 1220 549 1274 Vinsom,
563 1219 692 1266 Sibrandus
705 1219 789 1266 Leonis
802 1225 883 1276 pastor
896 1223 919 1265 in

59 1284 87 1342 b)
99 1283 244 1338 Menaldum,
259 1282 374 1329 Henricus
388 1282 567 1329 Leovardiensis
582 1286 669 1339 ¹pastor
683 1284 707 1327 in
720 1281 837 1335 Berllrom,
852 1281 920 1327 Lam-

59 1346 138 1392 bertus
170 1343 317 1403 Harderwylr
349 1344 481 1391 sacellarius
497 1345 530 1402 c),
547 1343 677 1391 Vilhelmus
702 1344 879 1401 Neomagiensis
896 1346 920 1389 in

59 1407 170 1454 Berlkom
189 1406 329 1453 sacellanus,
350 1406 380 1452 Hi
399 1423 453 1453 cum
471 1406 568 1464 reliquis
588 1405 700 1452 iratribus
720 1405 799 1452 habito
820 1405 919 1459 delectu,

59 1469 144 1516 aedem
159 1472 248 1526 egressi
264 1468 420 1526 capitularem
436 1468 466 1514 de
483 1468 568 1514 abbate
593 1468 702 1525 eligendo
726 1467 799 1514 verba
823 1468 920 1514 iaciunt,

59 1532 170 1577 Pastores
189 1530 218 1577 de
236 1547 279 1577 sua
297 1532 434 1587 interrogati
452 1532 575 1584 sententia.
595 1529 732 1576 coenobitae
750 1534 775 1576 ut
794 1547 861 1576 suam
879 1547 920 1576 ex-

58 1593 149 1650 plicent
160 1595 225 1650 prius
238 1597 329 1649 optant.
343 1593 449 1639 Joannes
461 1590 586 1649 Veijdman
599 1609 629 1638 ex
642 1594 775 1649 composito
788 1592 919 1649 respondet

60 1653 134 1699 libera
148 1652 247 1698 fratrum
261 1652 341 1698 habita
355 1653 529 1698 examinatione
543 1668 583 1698 eos
599 1654 622 1697 in
637 1668 709 1698 unum
723 1654 871 1698 consensisse
887 1651 920 1698 Is·

59 1715 181 1769 brandum,
191 1713 320 1760 eccelesiae
329 1713 512 1771 Spannomensis
522 1719 648 1771 pastorem.
659 1713 726 1760 Idem
735 1714 823 1760 latetur
832 1713 920 1767 Victor.

59 1776 95 1822 his
116 1775 275 1833 adstipulatur
295 1774 440 1829 Joachimus,
462 1775 548 1833 reliqui
568 1777 665 1821 attoniti
686 1774 743 1821 nihil
764 1775 918 1833 respondent.

61 1835 154 1882 interea
162 1835 244 1881 Victor
253 1839 346 1892 sumpto
355 1851 385 1881 ex
393 1834 496 1881 humeris
505 1834 578 1892 pallio
589 1834 703 1881 Isbrando
713 1837 806 1881 veniam
815 1837 919 1892 precant'

59 1897 139 1951 inlicit.
161 1899 265 1941 erectum
283 1894 352 1941 simul
370 1894 489 1941 deducunt
507 1893 538 1940 ad
557 1894 641 1940 aedem
658 1894 819 1952 capitularem.
854 1894 921 1941 Hanc

60 1959 159 2013 ingressi
176 1973 262 2003 novum
278 1956 379 2003 electum
395 1958 457 2014 patri
475 1955 554 2003 abbati
570 1961 741 2013 representant.
775 1956 921 2003 Confirmato

60 2019 139 2065 claves
150 2018 275 2065 traduntur
286 2017 399 2065 coenobii.
410 2017 547 2064 Decantatis
559 2018 675 2073 laudibus,
687 2019 785 2076 sedique
795 2021 922 2077 primariae

60 2079 179 2134 inductum
194 2080 225 2126 ad
239 2080 318 2126 aulam
332 2097 415 2126 omnes
429 2082 539 2137 pransuri
554 2080 662 2126 redeunt.
677 2080 735 2126 Post
749 2078 840 2137 largam
853 2080 920 2128 bidui

60 2143 205 2197 potationem
216 2142 316 2197 quisque
329 2140 423 2186 domum
435 2142 538 2185 revertit.
551 2140 656 2185 Peractis
669 2140 821 2186 Pentecostes
834 2142 843 2163 ²
856 2140 921 2186 ieriis

61 2201 197 2259 Traiectum
210 2203 275 2259 petit,
290 2204 328 2247 cui
342 2201 370 2247 D.
385 2201 497 2248 Nicolaus
512 2201 543 2248 de
556 2201 624 2248 Nova
638 2201 718 2256 Terra,
733 2204 841 2257 vicarius,
857 2208 922 2259 post·

61 2264 156 2310 modum
186 2263 281 2321 praesul
312 2262 472 2310 Harlemensis
503 2265 598 2321 primus,
621 2263 810 2310 benedictionem
824 2265 923 2311 contulit

60 2325 228 2383 episcopalem.
244 2325 404 2383 Antverpiam
419 2324 542 2382 proiectus
559 2325 689 2383 Georgium
705 2325 801 2372 Roorda
818 2329 920 2373 amicum

61 2388 141 2432 intime
175 2384 286 2431 dilectum
312 2384 393 2431 morbo
413 2384 568 2442 deprehendit
587 2384 655 2431 fatali
673 2390 814 2443 correptum,
834 2389 872 2433 eui
891 2386 922 2433 ad

60 2451 194 2493 extremum
209 2449 274 2493 vitae
291 2448 399 2504 spiritum
414 2446 516 2500 adstitit;
533 2463 562 2493 eo
579 2449 666 2493 amisso
682 2447 760 2493 rediit.
778 2448 920 2495 Celebratur

63 2524 178 2554 summum
195 2511 219 2552 et
235 2509 337 2564 primum
352 2506 455 2552 infesto
470 2505 500 2552 *Dr
519 2505 603 2552 Jacobi
620 2509 628 2530 ²
648 2523 750 2561 sacrum;
762 2507 816 2554 hinc
826 2507 918 2555 lautum

62 2569 168 2615 omnibus
182 2570 319 2615 monasterii
332 2567 429 2625 collegis
443 2568 508 2615 dedit
522 2570 660 2614 convivium,

61 2631 118 2682 Erat
131 2630 258 2677 Isbrandus
270 2628 380 2684 Geldrus,
393 2629 594 2684 Hardervicensis‚
607 2628 744 2687 parentibus
757 2634 826 2676 natus
839 2628 923 2675 hones-

62 2696 99 2747 tis,
115 2693 210 2739 tortuna
224 2692 343 2739 mediocri,
359 2692 512 2738 Daventriam
527 2692 647 2749 proiectus
663 2693 744 2749 primis
760 2693 923 2748 grammatices

61 2756 183 2813 preceptis
194 2753 328 2800 luculenter
339 2759 377 2801 est
388 2756 524 2801 instructus.
536 2753 597 2800 Hinc
608 2753 708 2800 Frisiam
720 2752 810 2807 adiens,
823 2770 838 2799 a
849 2769 922 2800 vene-

41 2887 43 2890 ⁴
86 2851 106 2893 a)
131 2850 235 2894 Winsum‚·

86 2901 107 2944 b)
132 2900 275 2944 alemanam,-

86 2951 106 2994 c)
130 2952 151 2988 et
164 2951 245 2994 senior,-

87 3025 96 3062 1
122 3026 143 3063 21
157 3024 202 3062 Mei.

86 3076 98 3112 2
121 3074 145 3113 25
157 3074 203 3112 suli.
