<?xml version="1.0" encoding="UTF-8"?>
<!DOCTYPE html PUBLIC "-//W3C//DTD XHTML 1.0 Transitional//EN"
    "http://www.w3.org/TR/xhtml1/DTD/xhtml1-transitional.dtd">
<html xmlns="http://www.w3.org/1999/xhtml" xml:lang="en" lang="en">
 <head>
  <title>
</title>
<meta http-equiv="Content-Type" content="text/html;charset=utf-8" />
  <meta name='ocr-system' content='tesseract 3.04.00' />
  <meta name='ocr-capabilities' content='ocr_page ocr_carea ocr_par ocr_line ocrx_word'/>
</head>
<body>
  <div class='ocr_page' id='page_1' title='image "MN42041ucmf_1_0126.png"; bbox 0 0 2121 3546; ppageno 0'>
   <div class='ocr_carea' id='block_1_1' title="bbox 549 231 579 276">
    <p class='ocr_par' dir='ltr' id='par_1_1' title="bbox 549 231 579 276">
     <span class='ocr_line' id='line_1_1' title="bbox 549 231 579 276; baseline 0 0"><span class='ocrx_word' id='word_1_1' title='bbox 549 231 579 276; x_wconf 80' lang='lat'>34</span> 
     </span>
    </p>
   </div>
   <div class='ocr_carea' id='block_1_2' title="bbox 139 351 998 838">
    <p class='ocr_par' dir='ltr' id='par_1_2' title="bbox 139 351 998 838">
     <span class='ocr_line' id='line_1_2' title="bbox 139 351 996 410; baseline 0.004 -14"><span class='ocrx_word' id='word_1_2' title='bbox 139 353 236 397; x_wconf 89' lang='lat' dir='ltr'>nitatem</span> <span class='ocrx_word' id='word_1_3' title='bbox 268 351 349 398; x_wconf 84' lang='lat' dir='ltr'>firmus</span> <span class='ocrx_word' id='word_1_4' title='bbox 381 354 457 409; x_wconf 88' lang='lat' dir='ltr'>patuit</span> <span class='ocrx_word' id='word_1_5' title='bbox 489 368 604 406; x_wconf 78' lang='lat' dir='ltr'>accessus,</span> <span class='ocrx_word' id='word_1_6' title='bbox 637 368 708 409; x_wconf 88' lang='lat' dir='ltr'>quam</span> <span class='ocrx_word' id='word_1_7' title='bbox 739 351 839 410; x_wconf 87' lang='lat' dir='ltr'>adeptus</span> <span class='ocrx_word' id='word_1_8' title='bbox 872 369 915 410; x_wconf 90' lang='lat' dir='ltr'>pro</span> <span class='ocrx_word' id='word_1_9' title='bbox 948 355 996 399; x_wconf 91' lang='lat' dir='ltr'>suis</span> 
     </span>
     <span class='ocr_line' id='line_1_3' title="bbox 139 410 996 470; baseline 0.004 -15"><span class='ocrx_word' id='word_1_10' title='bbox 139 410 226 456; x_wconf 88' lang='lat' dir='ltr'>viribus</span> <span class='ocrx_word' id='word_1_11' title='bbox 247 413 352 466; x_wconf 89' lang='lat' dir='ltr'>gnaviter</span> <span class='ocrx_word' id='word_1_12' title='bbox 374 411 483 457; x_wconf 86' lang='lat' dir='ltr'>excoluit.</span> <span class='ocrx_word' id='word_1_13' title='bbox 505 411 533 470; x_wconf 87' lang='lat' dir='ltr'>u)</span> <span class='ocrx_word' id='word_1_14' title='bbox 554 410 648 458; x_wconf 84' lang='lat' dir='ltr'><strong>Crebris</strong></span> <span class='ocrx_word' id='word_1_15' title='bbox 670 428 785 469; x_wconf 88' lang='lat' dir='ltr'>aquarum</span> <span class='ocrx_word' id='word_1_16' title='bbox 807 411 996 459; x_wconf 88' lang='lat' dir='ltr'>inundationibus</span> 
     </span>
     <span class='ocr_line' id='line_1_4' title="bbox 140 469 997 525; baseline 0.004 -10"><span class='ocrx_word' id='word_1_17' title='bbox 140 472 240 523; x_wconf 79' lang='lat' dir='ltr'>attritus.</span> <span class='ocrx_word' id='word_1_18' title='bbox 255 472 422 516; x_wconf 88' lang='lat' dir='ltr'>monasterium</span> <span class='ocrx_word' id='word_1_19' title='bbox 436 469 483 516; x_wconf 89' lang='lat' dir='ltr'>alio</span> <span class='ocrx_word' id='word_1_20' title='bbox 498 470 627 517; x_wconf 72' lang='lat' dir='ltr'>transferre</span> <span class='ocrx_word' id='word_1_21' title='bbox 641 471 804 525; x_wconf 77' lang='lat' dir='ltr'>meditabatur.</span> <span class='ocrx_word' id='word_1_22' title='bbox 820 476 845 518; x_wconf 90' lang='lat' dir='ltr'>at</span> <span class='ocrx_word' id='word_1_23' title='bbox 860 473 931 517; x_wconf 87' lang='lat' dir='ltr'>nimio</span> <span class='ocrx_word' id='word_1_24' title='bbox 946 474 997 518; x_wconf 80' lang='lat' dir='ltr'>ccr-</span> 
     </span>
     <span class='ocr_line' id='line_1_5' title="bbox 139 532 996 591; baseline 0.004 -15"><span class='ocrx_word' id='word_1_25' title='bbox 139 536 220 588; x_wconf 87' lang='lat' dir='ltr'>reptus</span> <span class='ocrx_word' id='word_1_26' title='bbox 237 534 309 585; x_wconf 86' lang='lat' dir='ltr'>senio,</span> <span class='ocrx_word' id='word_1_27' title='bbox 326 537 350 577; x_wconf 89' lang='lat' dir='ltr'>et</span> <span class='ocrx_word' id='word_1_28' title='bbox 366 532 430 588; x_wconf 87' lang='lat' dir='ltr'>quod</span> <span class='ocrx_word' id='word_1_29' title='bbox 447 548 573 589; x_wconf 89' lang='lat' dir='ltr'>operosum</span> <span class='ocrx_word' id='word_1_30' title='bbox 588 532 759 591; x_wconf 86' lang='lat' dir='ltr'>molestumque</span> <span class='ocrx_word' id='word_1_31' title='bbox 776 533 828 579; x_wconf 88' lang='lat' dir='ltr'>iore</span> <span class='ocrx_word' id='word_1_32' title='bbox 845 535 996 591; x_wconf 80' lang='lat' dir='ltr'>prospiceret.</span> 
     </span>
     <span class='ocr_line' id='line_1_6' title="bbox 140 591 998 651; baseline 0.005 -14"><span class='ocrx_word' id='word_1_33' title='bbox 140 592 236 638; x_wconf 85' lang='lat' dir='ltr'>distulit.</span> <span class='ocrx_word' id='word_1_34' title='bbox 251 591 355 639; x_wconf 78' lang='lat' dir='ltr'>Tandem</span> <span class='ocrx_word' id='word_1_35' title='bbox 369 593 398 639; x_wconf 93' lang='lat' dir='ltr'>de</span> <span class='ocrx_word' id='word_1_36' title='bbox 411 610 505 640; x_wconf 89' lang='lat' dir='ltr'>secessu</span> <span class='ocrx_word' id='word_1_37' title='bbox 518 596 630 651; x_wconf 89' lang='lat' dir='ltr'>cogitans,</span> <span class='ocrx_word' id='word_1_38' title='bbox 644 599 727 641; x_wconf 89' lang='lat' dir='ltr'>vocato</span> <span class='ocrx_word' id='word_1_39' title='bbox 741 594 826 641; x_wconf 85' lang='lat' dir='ltr'>abbate</span> <span class='ocrx_word' id='word_1_40' title='bbox 839 594 867 641; x_wconf 88' lang='lat' dir='ltr'>D.</span> <span class='ocrx_word' id='word_1_41' title='bbox 881 593 998 642; x_wconf 87' lang='lat' dir='ltr'>Sibrando</span> 
     </span>
     <span class='ocr_line' id='line_1_7' title="bbox 140 653 998 714; baseline 0.006 -16"><span class='ocrx_word' id='word_1_42' title='bbox 140 658 207 710; x_wconf 88' lang='lat' dir='ltr'>patre</span> <span class='ocrx_word' id='word_1_43' title='bbox 219 653 305 700; x_wconf 83' lang='lat' dir='ltr'>abbate</span> <span class='ocrx_word' id='word_1_44' title='bbox 316 655 455 702; x_wconf 88' lang='lat' dir='ltr'>instantibus</span> <span class='ocrx_word' id='word_1_45' title='bbox 468 658 528 702; x_wconf 91' lang='lat' dir='ltr'>votis</span> <span class='ocrx_word' id='word_1_46' title='bbox 541 655 569 714; x_wconf 85' lang='lat' dir='ltr'>b)</span> <span class='ocrx_word' id='word_1_47' title='bbox 581 661 747 703; x_wconf 83' lang='lat' dir='ltr'>exauctoratur</span> <span class='ocrx_word' id='word_1_48' title='bbox 760 672 821 703; x_wconf 87' lang='lat' dir='ltr'>anno</span> <span class='ocrx_word' id='word_1_49' title='bbox 834 657 998 714; x_wconf 83' lang='lat' dir='ltr'>praefecturae</span> 
     </span>
     <span class='ocr_line' id='line_1_8' title="bbox 140 714 998 776; baseline 0.006 -16"><span class='ocrx_word' id='word_1_50' title='bbox 140 718 175 761; x_wconf 86' lang='lat'>28.</span> <span class='ocrx_word' id='word_1_51' title='bbox 188 714 317 762; x_wconf 85' lang='lat' dir='ltr'>Discedens</span> <span class='ocrx_word' id='word_1_52' title='bbox 329 719 502 773; x_wconf 90' lang='lat' dir='ltr'>possessionem</span> <span class='ocrx_word' id='word_1_53' title='bbox 513 718 539 775; x_wconf 83' lang='lat' dir='ltr'>c)</span> <span class='ocrx_word' id='word_1_54' title='bbox 551 717 644 764; x_wconf 89' lang='lat' dir='ltr'>Tallum</span> <span class='ocrx_word' id='word_1_55' title='bbox 656 719 664 741; x_wconf 80' lang='lat'>²</span> <span class='ocrx_word' id='word_1_56' title='bbox 676 728 737 776; x_wconf 86' lang='lat' dir='ltr'>pago</span> <span class='ocrx_word' id='word_1_57' title='bbox 750 717 922 775; x_wconf 89' lang='lat' dir='ltr'>Spannomensi</span> <span class='ocrx_word' id='word_1_58' title='bbox 934 720 942 742; x_wconf 86' lang='lat'><strong>²</strong></span> <span class='ocrx_word' id='word_1_59' title='bbox 955 735 998 776; x_wconf 91' lang='lat' dir='ltr'>pro</span> 
     </span>
     <span class='ocr_line' id='line_1_9' title="bbox 140 778 998 838; baseline 0.003 -16"><span class='ocrx_word' id='word_1_60' title='bbox 140 779 310 824; x_wconf 86' lang='lat' dir='ltr'>sustentatione</span> <span class='ocrx_word' id='word_1_61' title='bbox 320 780 356 824; x_wconf 91' lang='lat' dir='ltr'>sui</span> <span class='ocrx_word' id='word_1_62' title='bbox 365 778 460 833; x_wconf 83' lang='lat' dir='ltr'>obtinet.</span> <span class='ocrx_word' id='word_1_63' title='bbox 471 778 515 825; x_wconf 93' lang='lat' dir='ltr'>sibi</span> <span class='ocrx_word' id='word_1_64' title='bbox 524 778 622 838; x_wconf 89' lang='lat' dir='ltr'>Deoque</span> <span class='ocrx_word' id='word_1_65' title='bbox 632 796 718 826; x_wconf 87' lang='lat' dir='ltr'>vacans</span> <span class='ocrx_word' id='word_1_66' title='bbox 729 782 826 826; x_wconf 90' lang='lat' dir='ltr'>moritur</span> <span class='ocrx_word' id='word_1_67' title='bbox 838 797 842 834; x_wconf 88' lang='lat'><strong>;</strong></span> <span class='ocrx_word' id='word_1_68' title='bbox 862 783 923 826; x_wconf 90' lang='lat' dir='ltr'>aeris</span> <span class='ocrx_word' id='word_1_69' title='bbox 934 780 998 827; x_wconf 86' lang='lat' dir='ltr'>diiii·</span> 
     </span>
    </p>
   </div>
   <div class='ocr_carea' id='block_1_3' title="bbox 140 837 998 957">
    <p class='ocr_par' dir='ltr' id='par_1_3' title="bbox 140 837 998 957">
     <span class='ocr_line' id='line_1_10' title="bbox 140 837 998 957; baseline 0.006 -74"><span class='ocrx_word' id='word_1_70' title='bbox 140 837 238 957; x_wconf 54' lang='grc' dir='ltr'>ἷέιὲῒὲῒὲ)</span> <span class='ocrx_word' id='word_1_71' title='bbox 248 840 380 896; x_wconf 85' lang='lat' dir='ltr'>impeditus,</span> <span class='ocrx_word' id='word_1_72' title='bbox 401 843 425 885; x_wconf 91' lang='lat' dir='ltr'>in</span> <span class='ocrx_word' id='word_1_73' title='bbox 446 840 528 887; x_wconf 79' lang='lat' dir='ltr'>Baium</span> <span class='ocrx_word' id='word_1_74' title='bbox 548 841 696 896; x_wconf 72' lang='lat' dir='ltr'>transfertur,</span> <span class='ocrx_word' id='word_1_75' title='bbox 717 841 825 888; x_wconf 90' lang='lat' dir='ltr'>humatus</span> <span class='ocrx_word' id='word_1_76' title='bbox 846 841 878 888; x_wconf 90' lang='lat' dir='ltr'>ibi</span> <span class='ocrx_word' id='word_1_77' title='bbox 899 843 998 899; x_wconf 89' lang='lat' dir='ltr'>quiescit</span> 
     </span>
    </p>
   </div>
   <div class='ocr_carea' id='block_1_4' title="bbox 455 963 682 1007">
    <p class='ocr_par' dir='ltr' id='par_1_4' title="bbox 455 963 682 1007">
     <span class='ocr_line' id='line_1_11' title="bbox 455 963 682 1007; baseline 0 0"><span class='ocrx_word' id='word_1_78' title='bbox 455 963 557 1007; x_wconf 80' lang='lat' dir='ltr'>sibodus</span> <span class='ocrx_word' id='word_1_79' title='bbox 567 963 642 1007; x_wconf 77' lang='lat' dir='ltr'>abbas</span> <span class='ocrx_word' id='word_1_80' title='bbox 652 963 682 1007; x_wconf 86' lang='lat' dir='ltr'>V.</span> 
     </span>
    </p>
   </div>
   <div class='ocr_carea' id='block_1_5' title="bbox 141 1084 1000 1754">
    <p class='ocr_par' dir='ltr' id='par_1_5' title="bbox 141 1084 1000 1754">
     <span class='ocr_line' id='line_1_12' title="bbox 141 1084 999 1142; baseline 0 -11"><span class='ocrx_word' id='word_1_81' title='bbox 141 1085 247 1131; x_wconf 88' lang='lat' dir='ltr'>Cedente</span> <span class='ocrx_word' id='word_1_82' title='bbox 261 1085 342 1131; x_wconf 80' lang='lat' dir='ltr'>allicio</span> <span class='ocrx_word' id='word_1_83' title='bbox 356 1086 384 1131; x_wconf 90' lang='lat' dir='ltr'>D.</span> <span class='ocrx_word' id='word_1_84' title='bbox 400 1084 499 1142; x_wconf 70' lang='lat' dir='ltr'>Syarda</span> <span class='ocrx_word' id='word_1_85' title='bbox 515 1084 587 1131; x_wconf 89' lang='lat' dir='ltr'>abbas</span> <span class='ocrx_word' id='word_1_86' title='bbox 603 1084 732 1131; x_wconf 88' lang='lat' dir='ltr'>Sibrandus</span> <span class='ocrx_word' id='word_1_87' title='bbox 748 1087 772 1131; x_wconf 91' lang='lat' dir='ltr'>in</span> <span class='ocrx_word' id='word_1_88' title='bbox 787 1084 924 1142; x_wconf 85' lang='lat' dir='ltr'>Marigarde</span> <span class='ocrx_word' id='word_1_89' title='bbox 938 1084 999 1131; x_wconf 89' lang='lat' dir='ltr'>elec·</span> 
     </span>
     <span class='ocr_line' id='line_1_13' title="bbox 141 1147 998 1203; baseline 0.001 -12"><span class='ocrx_word' id='word_1_90' title='bbox 141 1149 198 1192; x_wconf 89' lang='lat' dir='ltr'>tioni</span> <span class='ocrx_word' id='word_1_91' title='bbox 209 1164 276 1193; x_wconf 89' lang='lat' dir='ltr'>suum</span> <span class='ocrx_word' id='word_1_92' title='bbox 287 1147 377 1193; x_wconf 88' lang='lat' dir='ltr'>addens</span> <span class='ocrx_word' id='word_1_93' title='bbox 389 1147 507 1203; x_wconf 78' lang='lat' dir='ltr'>iudicium,</span> <span class='ocrx_word' id='word_1_94' title='bbox 519 1149 636 1193; x_wconf 88' lang='lat' dir='ltr'>communi</span> <span class='ocrx_word' id='word_1_95' title='bbox 646 1152 700 1193; x_wconf 90' lang='lat' dir='ltr'>voto</span> <span class='ocrx_word' id='word_1_96' title='bbox 712 1148 847 1192; x_wconf 85' lang='lat' dir='ltr'>monasterii</span> <span class='ocrx_word' id='word_1_97' title='bbox 857 1163 998 1193; x_wconf 88' lang='lat' dir='ltr'>oeconomus</span> 
     </span>
     <span class='ocr_line' id='line_1_14' title="bbox 141 1205 998 1264; baseline 0.001 -12"><span class='ocrx_word' id='word_1_98' title='bbox 141 1209 176 1253; x_wconf 91' lang='lat' dir='ltr'>vir</span> <span class='ocrx_word' id='word_1_99' title='bbox 189 1209 282 1264; x_wconf 88' lang='lat' dir='ltr'>ingenio</span> <span class='ocrx_word' id='word_1_100' title='bbox 295 1209 426 1264; x_wconf 89' lang='lat' dir='ltr'>perspicaci</span> <span class='ocrx_word' id='word_1_101' title='bbox 439 1206 467 1253; x_wconf 90' lang='lat' dir='ltr'>D.</span> <span class='ocrx_word' id='word_1_102' title='bbox 482 1205 582 1253; x_wconf 89' lang='lat' dir='ltr'>Sibodus</span> <span class='ocrx_word' id='word_1_103' title='bbox 596 1206 690 1253; x_wconf 89' lang='lat' dir='ltr'>Deimta</span> <span class='ocrx_word' id='word_1_104' title='bbox 704 1206 776 1253; x_wconf 91' lang='lat' dir='ltr'>abbas</span> <span class='ocrx_word' id='word_1_105' title='bbox 790 1206 889 1264; x_wconf 84' lang='lat' dir='ltr'>eligitur.</span> <span class='ocrx_word' id='word_1_106' title='bbox 904 1205 998 1253; x_wconf 88' lang='lat' dir='ltr'>Electus</span> 
     </span>
     <span class='ocr_line' id='line_1_15' title="bbox 141 1268 998 1326; baseline 0 -11"><span class='ocrx_word' id='word_1_107' title='bbox 141 1269 170 1315; x_wconf 87' lang='lat' dir='ltr'>ab</span> <span class='ocrx_word' id='word_1_108' title='bbox 187 1274 255 1325; x_wconf 90' lang='lat' dir='ltr'>patre</span> <span class='ocrx_word' id='word_1_109' title='bbox 272 1269 356 1315; x_wconf 88' lang='lat' dir='ltr'>abbate</span> <span class='ocrx_word' id='word_1_110' title='bbox 373 1268 524 1315; x_wconf 78' lang='lat' dir='ltr'>confirmatus</span> <span class='ocrx_word' id='word_1_111' title='bbox 542 1268 678 1326; x_wconf 81' lang='lat' dir='ltr'>Traiectum</span> <span class='ocrx_word' id='word_1_112' title='bbox 695 1268 821 1326; x_wconf 75' lang='lat' dir='ltr'>proiectus,</span> <span class='ocrx_word' id='word_1_113' title='bbox 840 1268 869 1314; x_wconf 91' lang='lat' dir='ltr'>ab</span> <span class='ocrx_word' id='word_1_114' title='bbox 887 1270 998 1326; x_wconf 89' lang='lat' dir='ltr'>episcopo</span> 
     </span>
     <span class='ocr_line' id='line_1_16' title="bbox 142 1328 999 1386; baseline 0.002 -12"><span class='ocrx_word' id='word_1_115' title='bbox 142 1332 215 1375; x_wconf 88' lang='lat' dir='ltr'>sacris</span> <span class='ocrx_word' id='word_1_116' title='bbox 237 1332 396 1386; x_wconf 68' lang='lat' dir='ltr'>inauguratur.</span> <span class='ocrx_word' id='word_1_117' title='bbox 425 1329 528 1375; x_wconf 91' lang='lat' dir='ltr'>Rediens</span> <span class='ocrx_word' id='word_1_118' title='bbox 544 1329 574 1375; x_wconf 92' lang='lat' dir='ltr'>de</span> <span class='ocrx_word' id='word_1_119' title='bbox 588 1329 753 1375; x_wconf 82' lang='lat' dir='ltr'>transferendo</span> <span class='ocrx_word' id='word_1_120' title='bbox 769 1328 881 1375; x_wconf 90' lang='lat' dir='ltr'>coenobio</span> <span class='ocrx_word' id='word_1_121' title='bbox 896 1345 999 1376; x_wconf 90' lang='lat' dir='ltr'>commu-</span> 
     </span>
     <span class='ocr_line' id='line_1_17' title="bbox 141 1388 999 1447; baseline 0 -12"><span class='ocrx_word' id='word_1_122' title='bbox 141 1392 219 1436; x_wconf 87' lang='lat' dir='ltr'>nicato</span> <span class='ocrx_word' id='word_1_123' title='bbox 233 1407 286 1436; x_wconf 90' lang='lat' dir='ltr'>cum</span> <span class='ocrx_word' id='word_1_124' title='bbox 300 1392 348 1436; x_wconf 88' lang='lat' dir='ltr'>suis</span> <span class='ocrx_word' id='word_1_125' title='bbox 362 1389 459 1435; x_wconf 88' lang='lat' dir='ltr'>consilio</span> <span class='ocrx_word' id='word_1_126' title='bbox 473 1390 606 1436; x_wconf 84' lang='lat' dir='ltr'>meditatur.</span> <span class='ocrx_word' id='word_1_127' title='bbox 636 1388 713 1444; x_wconf 78' lang='lat' dir='ltr'>Caice.</span> <span class='ocrx_word' id='word_1_128' title='bbox 736 1389 811 1446; x_wconf 74' lang='lat' dir='ltr'>lignis,</span> <span class='ocrx_word' id='word_1_129' title='bbox 835 1389 999 1447; x_wconf 85' lang='lat' dir='ltr'>lapidibusque</span> 
     </span>
     <span class='ocr_line' id='line_1_18' title="bbox 142 1449 999 1507; baseline 0 -11"><span class='ocrx_word' id='word_1_130' title='bbox 142 1452 290 1507; x_wconf 88' lang='lat' dir='ltr'>comparatis,</span> <span class='ocrx_word' id='word_1_131' title='bbox 317 1452 471 1496; x_wconf 86' lang='lat' dir='ltr'>antecessoris</span> <span class='ocrx_word' id='word_1_132' title='bbox 497 1452 534 1496; x_wconf 90' lang='lat' dir='ltr'>sui</span> <span class='ocrx_word' id='word_1_133' title='bbox 552 1450 592 1496; x_wconf 91' lang='lat' dir='ltr'>diu</span> <span class='ocrx_word' id='word_1_134' title='bbox 610 1449 769 1496; x_wconf 88' lang='lat' dir='ltr'>desideratum</span> <span class='ocrx_word' id='word_1_135' title='bbox 787 1466 846 1506; x_wconf 91' lang='lat' dir='ltr'>opus</span> <span class='ocrx_word' id='word_1_136' title='bbox 865 1450 999 1507; x_wconf 68' lang='lat' dir='ltr'>aggreditur</span> 
     </span>
     <span class='ocr_line' id='line_1_19' title="bbox 141 1509 999 1569; baseline 0 -12"><span class='ocrx_word' id='word_1_137' title='bbox 141 1529 217 1569; x_wconf 90' lang='lat' dir='ltr'>neque</span> <span class='ocrx_word' id='word_1_138' title='bbox 226 1512 250 1558; x_wconf 91' lang='lat' dir='ltr'>id</span> <span class='ocrx_word' id='word_1_139' title='bbox 258 1515 340 1569; x_wconf 88' lang='lat' dir='ltr'>quavis</span> <span class='ocrx_word' id='word_1_140' title='bbox 350 1512 379 1558; x_wconf 89' lang='lat' dir='ltr'>de</span> <span class='ocrx_word' id='word_1_141' title='bbox 388 1511 433 1557; x_wconf 92' lang='lat' dir='ltr'>levi</span> <span class='ocrx_word' id='word_1_142' title='bbox 442 1528 523 1558; x_wconf 90' lang='lat' dir='ltr'>causa:</span> <span class='ocrx_word' id='word_1_143' title='bbox 532 1529 597 1557; x_wconf 87' lang='lat' dir='ltr'>mare</span> <span class='ocrx_word' id='word_1_144' title='bbox 605 1514 763 1569; x_wconf 89' lang='lat' dir='ltr'>propinquum</span> <span class='ocrx_word' id='word_1_145' title='bbox 771 1509 917 1569; x_wconf 81' lang='lat' dir='ltr'>frequentius</span> <span class='ocrx_word' id='word_1_146' title='bbox 926 1517 999 1558; x_wconf 90' lang='lat' dir='ltr'>semet</span> 
     </span>
     <span class='ocr_line' id='line_1_20' title="bbox 142 1571 1000 1630; baseline 0.001 -12"><span class='ocrx_word' id='word_1_147' title='bbox 142 1572 243 1627; x_wconf 76' lang='lat' dir='ltr'>elevans,</span> <span class='ocrx_word' id='word_1_148' title='bbox 256 1574 320 1629; x_wconf 89' lang='lat' dir='ltr'>ipsos</span> <span class='ocrx_word' id='word_1_149' title='bbox 332 1582 428 1629; x_wconf 87' lang='lat' dir='ltr'>aggeres</span> <span class='ocrx_word' id='word_1_150' title='bbox 440 1571 552 1630; x_wconf 86' lang='lat' dir='ltr'>disjectos</span> <span class='ocrx_word' id='word_1_151' title='bbox 564 1572 713 1619; x_wconf 80' lang='lat' dir='ltr'>transcendit·</span> <span class='ocrx_word' id='word_1_152' title='bbox 721 1589 810 1630; x_wconf 90' lang='lat' dir='ltr'>suoque</span> <span class='ocrx_word' id='word_1_153' title='bbox 822 1571 914 1619; x_wconf 89' lang='lat' dir='ltr'>turbine</span> <span class='ocrx_word' id='word_1_154' title='bbox 926 1577 1000 1619; x_wconf 88' lang='lat' dir='ltr'>totam</span> 
     </span>
     <span class='ocr_line' id='line_1_21' title="bbox 143 1633 1000 1691; baseline 0.001 -12"><span class='ocrx_word' id='word_1_155' title='bbox 143 1639 230 1680; x_wconf 87' lang='lat' dir='ltr'>terram</span> <span class='ocrx_word' id='word_1_156' title='bbox 247 1634 364 1680; x_wconf 89' lang='lat' dir='ltr'>salsedine</span> <span class='ocrx_word' id='word_1_157' title='bbox 381 1636 463 1691; x_wconf 85' lang='lat' dir='ltr'>operit,</span> <span class='ocrx_word' id='word_1_158' title='bbox 481 1633 544 1680; x_wconf 89' lang='lat' dir='ltr'>unde</span> <span class='ocrx_word' id='word_1_159' title='bbox 561 1643 646 1690; x_wconf 87' lang='lat' dir='ltr'>magna</span> <span class='ocrx_word' id='word_1_160' title='bbox 663 1650 775 1691; x_wconf 90' lang='lat' dir='ltr'>pecorum</span> <span class='ocrx_word' id='word_1_161' title='bbox 793 1637 890 1691; x_wconf 79' lang='lat' dir='ltr'>jactura.</span> <span class='ocrx_word' id='word_1_162' title='bbox 910 1650 1000 1680; x_wconf 90' lang='lat' dir='ltr'>summa</span> 
     </span>
     <span class='ocr_line' id='line_1_22' title="bbox 142 1694 1000 1754; baseline 0 -13"><span class='ocrx_word' id='word_1_163' title='bbox 142 1712 218 1754; x_wconf 89' lang='lat' dir='ltr'>aquae</span> <span class='ocrx_word' id='word_1_164' title='bbox 234 1698 335 1742; x_wconf 86' lang='lat' dir='ltr'>recentis</span> <span class='ocrx_word' id='word_1_165' title='bbox 352 1696 470 1742; x_wconf 88' lang='lat' dir='ltr'>oriebatur</span> <span class='ocrx_word' id='word_1_166' title='bbox 486 1697 592 1753; x_wconf 87' lang='lat' dir='ltr'>penuria.</span> <span class='ocrx_word' id='word_1_167' title='bbox 610 1694 785 1742; x_wconf 74' lang='lat' dir='ltr'>Difficultatem&#39;</span> <span class='ocrx_word' id='word_1_168' title='bbox 798 1697 894 1753; x_wconf 89' lang='lat' dir='ltr'>insuper</span> <span class='ocrx_word' id='word_1_169' title='bbox 912 1697 937 1754; x_wconf 85' lang='lat' dir='ltr'>e)</span> <span class='ocrx_word' id='word_1_170' title='bbox 954 1697 1000 1753; x_wconf 90' lang='lat' dir='ltr'>ipsi</span> 
     </span>
    </p>
   </div>
   <div class='ocr_carea' id='block_1_6' title="bbox 142 1756 1000 2122">
    <p class='ocr_par' dir='ltr' id='par_1_6' title="bbox 142 1756 1000 2122">
     <span class='ocr_line' id='line_1_23' title="bbox 142 1756 1000 1816; baseline 0.001 -13"><span class='ocrx_word' id='word_1_171' title='bbox 142 1759 236 1814; x_wconf 89' lang='lat' dir='ltr'>pariunt</span> <span class='ocrx_word' id='word_1_172' title='bbox 245 1756 326 1803; x_wconf 92' lang='lat' dir='ltr'>Sibodi</span> <span class='ocrx_word' id='word_1_173' title='bbox 335 1760 403 1814; x_wconf 90' lang='lat' dir='ltr'>primi</span> <span class='ocrx_word' id='word_1_174' title='bbox 412 1757 544 1804; x_wconf 82' lang='lat' dir='ltr'>fundatoris</span> <span class='ocrx_word' id='word_1_175' title='bbox 554 1759 652 1814; x_wconf 80' lang='lat' dir='ltr'>cognati,</span> <span class='ocrx_word' id='word_1_176' title='bbox 662 1757 726 1816; x_wconf 91' lang='lat' dir='ltr'>quod</span> <span class='ocrx_word' id='word_1_177' title='bbox 736 1757 840 1804; x_wconf 88' lang='lat' dir='ltr'>dicerent</span> <span class='ocrx_word' id='word_1_178' title='bbox 850 1760 873 1803; x_wconf 87' lang='lat' dir='ltr'>vi</span> <span class='ocrx_word' id='word_1_179' title='bbox 883 1757 1000 1815; x_wconf 89' lang='lat' dir='ltr'>legitimae</span> 
     </span>
     <span class='ocr_line' id='line_1_24' title="bbox 143 1818 1000 1876; baseline 0.001 -11"><span class='ocrx_word' id='word_1_180' title='bbox 143 1819 274 1865; x_wconf 90' lang='lat' dir='ltr'>donationis</span> <span class='ocrx_word' id='word_1_181' title='bbox 285 1818 314 1865; x_wconf 90' lang='lat' dir='ltr'>ab</span> <span class='ocrx_word' id='word_1_182' title='bbox 325 1822 376 1876; x_wconf 89' lang='lat' dir='ltr'>ipso</span> <span class='ocrx_word' id='word_1_183' title='bbox 387 1818 473 1865; x_wconf 91' lang='lat' dir='ltr'>Sibodo</span> <span class='ocrx_word' id='word_1_184' title='bbox 484 1819 562 1865; x_wconf 84' lang='lat' dir='ltr'>iactae</span> <span class='ocrx_word' id='word_1_185' title='bbox 572 1818 649 1865; x_wconf 91' lang='lat' dir='ltr'>locum</span> <span class='ocrx_word' id='word_1_186' title='bbox 659 1836 702 1866; x_wconf 86' lang='lat' dir='ltr'>nec</span> <span class='ocrx_word' id='word_1_187' title='bbox 713 1822 798 1866; x_wconf 89' lang='lat' dir='ltr'>mutari</span> <span class='ocrx_word' id='word_1_188' title='bbox 808 1836 852 1865; x_wconf 90' lang='lat' dir='ltr'>nec</span> <span class='ocrx_word' id='word_1_189' title='bbox 863 1819 1000 1866; x_wconf 87' lang='lat' dir='ltr'>coenobium</span> 
     </span>
     <span class='ocr_line' id='line_1_25' title="bbox 143 1880 999 1939; baseline 0.001 -13"><span class='ocrx_word' id='word_1_190' title='bbox 143 1880 229 1926; x_wconf 89' lang='lat' dir='ltr'>debere</span> <span class='ocrx_word' id='word_1_191' title='bbox 241 1883 336 1927; x_wconf 89' lang='lat' dir='ltr'>moveri.</span> <span class='ocrx_word' id='word_1_192' title='bbox 351 1880 451 1927; x_wconf 85' lang='lat' dir='ltr'>Sibodus</span> <span class='ocrx_word' id='word_1_193' title='bbox 465 1897 521 1927; x_wconf 88' lang='lat' dir='ltr'>vero</span> <span class='ocrx_word' id='word_1_194' title='bbox 535 1882 653 1928; x_wconf 89' lang='lat' dir='ltr'>animosus</span> <span class='ocrx_word' id='word_1_195' title='bbox 667 1897 808 1938; x_wconf 88' lang='lat' dir='ltr'>suorumque</span> <span class='ocrx_word' id='word_1_196' title='bbox 822 1881 896 1928; x_wconf 84' lang='lat' dir='ltr'>fretus</span> <span class='ocrx_word' id='word_1_197' title='bbox 911 1883 999 1939; x_wconf 89' lang='lat' dir='ltr'>praesi-</span> 
     </span>
     <span class='ocr_line' id='line_1_26' title="bbox 143 1942 1000 1999; baseline 0.001 -11"><span class='ocrx_word' id='word_1_198' title='bbox 143 1942 188 1996; x_wconf 88' lang='lat' dir='ltr'>dio,</span> <span class='ocrx_word' id='word_1_199' title='bbox 198 1942 275 1989; x_wconf 86' lang='lat' dir='ltr'>locum</span> <span class='ocrx_word' id='word_1_200' title='bbox 284 1943 399 1988; x_wconf 84' lang='lat' dir='ltr'>accedens</span> <span class='ocrx_word' id='word_1_201' title='bbox 408 1942 606 1999; x_wconf 79' lang='lat' dir='ltr'>praeordinatum,</span> <span class='ocrx_word' id='word_1_202' title='bbox 617 1945 757 1989; x_wconf 88' lang='lat' dir='ltr'>eminentem</span> <span class='ocrx_word' id='word_1_203' title='bbox 767 1947 880 1989; x_wconf 86' lang='lat' dir='ltr'>actutum</span> <span class='ocrx_word' id='word_1_204' title='bbox 890 1943 919 1989; x_wconf 87' lang='lat' dir='ltr'>ab</span> <span class='ocrx_word' id='word_1_205' title='bbox 929 1945 1000 1989; x_wconf 89' lang='lat' dir='ltr'>maris</span> 
     </span>
     <span class='ocr_line' id='line_1_27' title="bbox 142 2003 999 2062; baseline 0.002 -13"><span class='ocrx_word' id='word_1_206' title='bbox 142 2005 235 2060; x_wconf 73' lang='lat' dir='ltr'>injuria,</span> <span class='ocrx_word' id='word_1_207' title='bbox 250 2005 302 2060; x_wconf 90' lang='lat' dir='ltr'>ipso</span> <span class='ocrx_word' id='word_1_208' title='bbox 314 2004 342 2049; x_wconf 95' lang='lat' dir='ltr'>D.</span> <span class='ocrx_word' id='word_1_209' title='bbox 356 2004 454 2050; x_wconf 86' lang='lat' dir='ltr'>Martini</span> <span class='ocrx_word' id='word_1_210' title='bbox 466 2003 575 2050; x_wconf 90' lang='lat' dir='ltr'>translati</span> <span class='ocrx_word' id='word_1_211' title='bbox 589 2007 597 2028; x_wconf 80' lang='lat'>³</span> <span class='ocrx_word' id='word_1_212' title='bbox 610 2004 671 2050; x_wconf 77' lang='lat' dir='ltr'>festo</span> <span class='ocrx_word' id='word_1_213' title='bbox 685 2004 708 2062; x_wconf 82' lang='lat' dir='ltr'>i)</span> <span class='ocrx_word' id='word_1_214' title='bbox 722 2004 801 2061; x_wconf 83' lang='lat' dir='ltr'>fruges</span> <span class='ocrx_word' id='word_1_215' title='bbox 815 2004 943 2058; x_wconf 69' lang='lat' dir='ltr'>demetens</span> <span class='ocrx_word' id='word_1_216' title='bbox 958 2004 999 2051; x_wconf 86' lang='lat' dir='ltr'>ad·</span> 
     </span>
     <span class='ocr_line' id='line_1_28' title="bbox 143 2063 1000 2122; baseline 0.001 -13"><span class='ocrx_word' id='word_1_217' title='bbox 143 2063 218 2110; x_wconf 90' lang='lat' dir='ltr'>ductis</span> <span class='ocrx_word' id='word_1_218' title='bbox 232 2066 340 2110; x_wconf 88' lang='lat' dir='ltr'>murariis</span> <span class='ocrx_word' id='word_1_219' title='bbox 354 2063 507 2110; x_wconf 82' lang='lat' dir='ltr'>fundamenta</span> <span class='ocrx_word' id='word_1_220' title='bbox 520 2066 610 2121; x_wconf 91' lang='lat' dir='ltr'>primae</span> <span class='ocrx_word' id='word_1_221' title='bbox 624 2064 706 2110; x_wconf 90' lang='lat' dir='ltr'>domus</span> <span class='ocrx_word' id='word_1_222' title='bbox 720 2063 789 2118; x_wconf 80' lang='lat' dir='ltr'>locat,</span> <span class='ocrx_word' id='word_1_223' title='bbox 803 2064 831 2122; x_wconf 81' lang='lat' dir='ltr'>g)</span> <span class='ocrx_word' id='word_1_224' title='bbox 843 2080 906 2121; x_wconf 89' lang='lat' dir='ltr'>quae</span> <span class='ocrx_word' id='word_1_225' title='bbox 919 2063 950 2110; x_wconf 88' lang='lat' dir='ltr'>ad</span> <span class='ocrx_word' id='word_1_226' title='bbox 961 2079 1000 2110; x_wconf 89' lang='lat' dir='ltr'>oc·</span> 
     </span>
    </p>
   </div>
   <div class='ocr_carea' id='block_1_7' title="bbox 143 2224 1044 2755">
    <p class='ocr_par' dir='ltr' id='par_1_7' title="bbox 143 2224 1044 2755">
     <span class='ocr_line' id='line_1_29' title="bbox 211 2224 1000 2268; baseline -0.001 -6"><span class='ocrx_word' id='word_1_227' title='bbox 211 2225 278 2262; x_wconf 74' lang='lat' dir='ltr'>Arias</span> <span class='ocrx_word' id='word_1_228' title='bbox 294 2225 409 2268; x_wconf 84' lang='lat' dir='ltr'>designatus</span> <span class='ocrx_word' id='word_1_229' title='bbox 426 2225 450 2261; x_wconf 86' lang='lat' dir='ltr'>de</span> <span class='ocrx_word' id='word_1_230' title='bbox 466 2224 526 2261; x_wconf 85' lang='lat' dir='ltr'>maris</span> <span class='ocrx_word' id='word_1_231' title='bbox 541 2224 655 2261; x_wconf 84' lang='lat' dir='ltr'>inundantis</span> <span class='ocrx_word' id='word_1_232' title='bbox 672 2224 780 2262; x_wconf 80' lang='lat' dir='ltr'>inevitabili</span> <span class='ocrx_word' id='word_1_233' title='bbox 797 2224 869 2261; x_wconf 83' lang='lat' dir='ltr'>damno</span> <span class='ocrx_word' id='word_1_234' title='bbox 885 2224 1000 2266; x_wconf 76' lang='lat' dir='ltr'>trequentes</span> 
     </span>
     <span class='ocr_line' id='line_1_30' title="bbox 143 2276 357 2319; baseline -0.009 -7"><span class='ocrx_word' id='word_1_235' title='bbox 143 2278 168 2312; x_wconf 84' lang='lat' dir='ltr'>ad</span> <span class='ocrx_word' id='word_1_236' title='bbox 185 2277 252 2319; x_wconf 57' lang='lat' dir='ltr'>igitur.</span> <span class='ocrx_word' id='word_1_237' title='bbox 265 2276 316 2312; x_wconf 88' lang='lat' dir='ltr'>unde</span> <span class='ocrx_word' id='word_1_238' title='bbox 329 2276 357 2318; x_wconf 68' lang='lat' dir='ltr'>et·</span> 
     </span>
     <span class='ocr_line' id='line_1_31' title="bbox 212 2324 332 2366; baseline 0 -6"><span class='ocrx_word' id='word_1_239' title='bbox 212 2324 332 2366; x_wconf 75' lang='lat' dir='ltr'>voluntarie·</span> 
     </span>
     <span class='ocr_line' id='line_1_32' title="bbox 212 2372 296 2415; baseline 0 -7"><span class='ocrx_word' id='word_1_240' title='bbox 212 2372 296 2415; x_wconf 76' lang='lat' dir='ltr'>Talium·</span> 
     </span>
     <span class='ocr_line' id='line_1_33' title="bbox 179 2419 523 2463; baseline -0.006 -6"><span class='ocrx_word' id='word_1_241' title='bbox 179 2440 180 2443; x_wconf 64' lang='lat'><em>=</em></span> <span class='ocrx_word' id='word_1_242' title='bbox 216 2421 268 2463; x_wconf 76' lang='lat'><em>1232;</em></span> <span class='ocrx_word' id='word_1_243' title='bbox 283 2419 299 2456; x_wconf 84' lang='lat' dir='ltr'><strong><em>A</em></strong></span> <span class='ocrx_word' id='word_1_244' title='bbox 314 2420 368 2456; x_wconf 76' lang='lat' dir='ltr'>heeft</span> <span class='ocrx_word' id='word_1_245' title='bbox 382 2419 455 2455; x_wconf 87' lang='lat' dir='ltr'>ioutiei</span> <span class='ocrx_word' id='word_1_246' title='bbox 471 2419 523 2462; x_wconf 81' lang='lat'><em>1222,·</em></span> 
     </span>
     <span class='ocr_line' id='line_1_34' title="bbox 167 2466 484 2510; baseline -0.009 -5"><span class='ocrx_word' id='word_1_247' title='bbox 167 2478 178 2505; x_wconf 90' lang='lat' dir='ltr'>e</span> <span class='ocrx_word' id='word_1_248' title='bbox 211 2469 231 2505; x_wconf 93' lang='lat' dir='ltr'>in</span> <span class='ocrx_word' id='word_1_249' title='bbox 243 2468 381 2504; x_wconf 74' lang='lat' dir='ltr'>transferendo</span> <span class='ocrx_word' id='word_1_250' title='bbox 392 2466 484 2510; x_wconf 67' lang='lat' dir='ltr'>cenobio·</span> 
     </span>
     <span class='ocr_line' id='line_1_35' title="bbox 215 2516 1044 2557; baseline -0.002 -5"><span class='ocrx_word' id='word_1_251' title='bbox 215 2517 314 2553; x_wconf 73' lang='lat' dir='ltr'>frumenta</span> <span class='ocrx_word' id='word_1_252' title='bbox 325 2516 438 2557; x_wconf 78' lang='lat' dir='ltr'>immatura·</span> <span class='ocrx_word' id='word_1_253' title='bbox 1042 2547 1044 2550; x_wconf 13' lang='grc' dir='ltr'><em>Α</em></span> 
     </span>
     <span class='ocr_line' id='line_1_36' title="bbox 152 2562 1001 2608; baseline -0.001 -8"><span class='ocrx_word' id='word_1_254' title='bbox 152 2564 189 2608; x_wconf 75' lang='grc' dir='ltr'>ἐ)</span> <span class='ocrx_word' id='word_1_255' title='bbox 214 2565 283 2606; x_wconf 80' lang='lat' dir='ltr'>reliqui</span> <span class='ocrx_word' id='word_1_256' title='bbox 298 2573 374 2601; x_wconf 88' lang='lat' dir='ltr'>summo</span> <span class='ocrx_word' id='word_1_257' title='bbox 389 2563 460 2600; x_wconf 85' lang='lat' dir='ltr'>ardore</span> <span class='ocrx_word' id='word_1_258' title='bbox 474 2563 545 2600; x_wconf 84' lang='lat' dir='ltr'>locatis</span> <span class='ocrx_word' id='word_1_259' title='bbox 558 2562 693 2599; x_wconf 74' lang='lat' dir='ltr'>fundamentis</span> <span class='ocrx_word' id='word_1_260' title='bbox 707 2562 754 2599; x_wconf 86' lang='lat' dir='ltr'>edes</span> <span class='ocrx_word' id='word_1_261' title='bbox 768 2563 848 2605; x_wconf 80' lang='lat' dir='ltr'>erigunt</span> <span class='ocrx_word' id='word_1_262' title='bbox 863 2564 919 2599; x_wconf 85' lang='lat' dir='ltr'>tanta</span> <span class='ocrx_word' id='word_1_263' title='bbox 933 2562 1001 2599; x_wconf 86' lang='lat' dir='ltr'>celeri-</span> 
     </span>
     <span class='ocr_line' id='line_1_37' title="bbox 145 2611 1001 2655; baseline -0.001 -5"><span class='ocrx_word' id='word_1_264' title='bbox 145 2616 185 2650; x_wconf 79' lang='lat' dir='ltr'>tate</span> <span class='ocrx_word' id='word_1_265' title='bbox 194 2614 306 2651; x_wconf 83' lang='lat' dir='ltr'>abundante</span> <span class='ocrx_word' id='word_1_266' title='bbox 315 2622 455 2649; x_wconf 80' lang='lat' dir='ltr'>conversorum</span> <span class='ocrx_word' id='word_1_267' title='bbox 464 2622 553 2654; x_wconf 84' lang='lat' dir='ltr'>nurnero,</span> <span class='ocrx_word' id='word_1_268' title='bbox 563 2614 584 2648; x_wconf 85' lang='lat' dir='ltr'>nr</span> <span class='ocrx_word' id='word_1_269' title='bbox 593 2614 639 2649; x_wconf 85' lang='lat' dir='ltr'>ante</span> <span class='ocrx_word' id='word_1_270' title='bbox 648 2612 734 2649; x_wconf 85' lang='lat' dir='ltr'>natatem</span> <span class='ocrx_word' id='word_1_271' title='bbox 744 2611 801 2649; x_wconf 81' lang='lat' dir='ltr'>divae</span> <span class='ocrx_word' id='word_1_272' title='bbox 812 2612 898 2655; x_wconf 84' lang='lat' dir='ltr'>Virginis</span> <span class='ocrx_word' id='word_1_273' title='bbox 906 2612 1001 2654; x_wconf 82' lang='lat' dir='ltr'>imposito</span> 
     </span>
     <span class='ocr_line' id='line_1_38' title="bbox 146 2661 1002 2704; baseline -0.004 -4"><span class='ocrx_word' id='word_1_274' title='bbox 146 2665 199 2700; x_wconf 85' lang='lat' dir='ltr'>tecto</span> <span class='ocrx_word' id='word_1_275' title='bbox 211 2664 320 2700; x_wconf 85' lang='lat' dir='ltr'>arundineo</span> <span class='ocrx_word' id='word_1_276' title='bbox 332 2672 428 2699; x_wconf 88' lang='lat' dir='ltr'>summum</span> <span class='ocrx_word' id='word_1_277' title='bbox 440 2662 517 2698; x_wconf 87' lang='lat' dir='ltr'>culmen</span> <span class='ocrx_word' id='word_1_278' title='bbox 529 2662 595 2704; x_wconf 83' lang='lat' dir='ltr'>adepti</span> <span class='ocrx_word' id='word_1_279' title='bbox 607 2661 652 2698; x_wconf 81' lang='lat' dir='ltr'>sint.</span> <span class='ocrx_word' id='word_1_280' title='bbox 666 2661 706 2698; x_wconf 84' lang='lat' dir='ltr'>Hec</span> <span class='ocrx_word' id='word_1_281' title='bbox 718 2661 752 2697; x_wconf 88' lang='lat' dir='ltr'>illa</span> <span class='ocrx_word' id='word_1_282' title='bbox 764 2662 789 2698; x_wconf 83' lang='lat' dir='ltr'>ad</span> <span class='ocrx_word' id='word_1_283' title='bbox 801 2661 923 2698; x_wconf 85' lang='lat' dir='ltr'>occidentem</span> <span class='ocrx_word' id='word_1_284' title='bbox 936 2663 1002 2698; x_wconf 86' lang='lat' dir='ltr'>erecta</span> 
     </span>
     <span class='ocr_line' id='line_1_39' title="bbox 145 2711 1001 2755; baseline -0.001 -6"><span class='ocrx_word' id='word_1_285' title='bbox 145 2714 220 2754; x_wconf 75' lang='lat' dir='ltr'>domus,</span> <span class='ocrx_word' id='word_1_286' title='bbox 234 2723 271 2755; x_wconf 79' lang='lat' dir='ltr'>que</span> <span class='ocrx_word' id='word_1_287' title='bbox 284 2722 295 2748; x_wconf 87' lang='lat' dir='ltr'>a</span> <span class='ocrx_word' id='word_1_288' title='bbox 308 2713 403 2749; x_wconf 81' lang='lat' dir='ltr'>cubilibus</span> <span class='ocrx_word' id='word_1_289' title='bbox 416 2712 500 2748; x_wconf 71' lang='lat' dir='ltr'>fratrum</span> <span class='ocrx_word' id='word_1_290' title='bbox 514 2720 654 2748; x_wconf 84' lang='lat' dir='ltr'>conversorum</span> <span class='ocrx_word' id='word_1_291' title='bbox 668 2711 806 2748; x_wconf 87' lang='lat' dir='ltr'>dormitorium</span> <span class='ocrx_word' id='word_1_292' title='bbox 819 2711 845 2748; x_wconf 87' lang='lat' dir='ltr'>sit</span> <span class='ocrx_word' id='word_1_293' title='bbox 858 2713 1001 2755; x_wconf 72' lang='lat' dir='ltr'>nuncupatum·</span> 
     </span>
    </p>
   </div>
   <div class='ocr_carea' id='block_1_8' title="bbox 146 2756 575 2798">
    <p class='ocr_par' dir='ltr' id='par_1_8' title="bbox 146 2756 575 2798">
     <span class='ocr_line' id='line_1_40' title="bbox 146 2756 575 2798; baseline -0.002 -1"><span class='ocrx_word' id='word_1_294' title='bbox 146 2761 231 2798; x_wconf 83' lang='lat' dir='ltr'>iirmatis</span> <span class='ocrx_word' id='word_1_295' title='bbox 243 2761 273 2798; x_wconf 77' lang='lat' dir='ltr'>lits</span> <span class='ocrx_word' id='word_1_296' title='bbox 285 2761 366 2797; x_wconf 84' lang='lat' dir='ltr'>aedibus</span> <span class='ocrx_word' id='word_1_297' title='bbox 378 2760 441 2796; x_wconf 83' lang='lat' dir='ltr'>accito</span> <span class='ocrx_word' id='word_1_298' title='bbox 454 2761 525 2797; x_wconf 82' lang='lat' dir='ltr'>abbate</span> <span class='ocrx_word' id='word_1_299' title='bbox 538 2756 575 2796; x_wconf 74' lang='lat' dir='ltr'>etc.</span> 
     </span>
    </p>
   </div>
   <div class='ocr_carea' id='block_1_9' title="bbox 153 2857 1002 3003">
    <p class='ocr_par' dir='ltr' id='par_1_9' title="bbox 153 2857 1002 3003">
     <span class='ocr_line' id='line_1_41' title="bbox 153 2857 1002 2904; baseline -0.002 -7"><span class='ocrx_word' id='word_1_300' title='bbox 153 2861 177 2896; x_wconf 90' lang='lat' dir='ltr'>-l</span> <span class='ocrx_word' id='word_1_301' title='bbox 203 2860 285 2904; x_wconf 81' lang='lat' dir='ltr'>Talluni,</span> <span class='ocrx_word' id='word_1_302' title='bbox 301 2858 342 2897; x_wconf 82' lang='lat' dir='ltr'>ook</span> <span class='ocrx_word' id='word_1_303' title='bbox 357 2859 482 2904; x_wconf 80' lang='lat' dir='ltr'>Talna-sate,</span> <span class='ocrx_word' id='word_1_304' title='bbox 499 2860 528 2895; x_wconf 90' lang='lat' dir='ltr'>zie</span> <span class='ocrx_word' id='word_1_305' title='bbox 544 2858 561 2895; x_wconf 83' lang='lat' dir='ltr'>J.</span> <span class='ocrx_word' id='word_1_306' title='bbox 578 2858 672 2903; x_wconf 85' lang='lat' dir='ltr'>Winkler,</span> <span class='ocrx_word' id='word_1_307' title='bbox 688 2857 766 2895; x_wconf 85' lang='lat' dir='ltr'>Friesch</span> <span class='ocrx_word' id='word_1_308' title='bbox 783 2857 853 2895; x_wconf 87' lang='lat' dir='ltr'>dek.</span> <span class='ocrx_word' id='word_1_309' title='bbox 870 2858 1002 2896; x_wconf 86' lang='lat' dir='ltr'>Leeuwarden</span> 
     </span>
     <span class='ocr_line' id='line_1_42' title="bbox 205 2907 1001 2954; baseline -0.003 -8"><span class='ocrx_word' id='word_1_310' title='bbox 205 2909 255 2954; x_wconf 78' lang='lat'>1898,</span> <span class='ocrx_word' id='word_1_311' title='bbox 268 2909 293 2947; x_wconf 85' lang='lat' dir='ltr'>IV</span> <span class='ocrx_word' id='word_1_312' title='bbox 304 2910 316 2945; x_wconf 93' lang='lat' dir='ltr'>i.</span> <span class='ocrx_word' id='word_1_313' title='bbox 328 2910 401 2954; x_wconf 75' lang='lat' dir='ltr'>v.,vg1.</span> <span class='ocrx_word' id='word_1_314' title='bbox 414 2909 435 2945; x_wconf 83' lang='grc' dir='ltr'>Α.</span> <span class='ocrx_word' id='word_1_315' title='bbox 448 2908 465 2945; x_wconf 86' lang='lat' dir='ltr'>J.</span> <span class='ocrx_word' id='word_1_316' title='bbox 477 2908 573 2952; x_wconf 74' lang='lat' dir='ltr'>Andreae,</span> <span class='ocrx_word' id='word_1_317' title='bbox 584 2907 680 2951; x_wconf 83' lang='lat' dir='ltr'>Nalezing</span> <span class='ocrx_word' id='word_1_318' title='bbox 692 2918 719 2952; x_wconf 88' lang='lat' dir='ltr'>op</span> <span class='ocrx_word' id='word_1_319' title='bbox 731 2907 755 2944; x_wconf 93' lang='lat' dir='ltr'>de</span> <span class='ocrx_word' id='word_1_320' title='bbox 767 2908 842 2945; x_wconf 90' lang='lat' dir='ltr'>nieuwe</span> <span class='ocrx_word' id='word_1_321' title='bbox 854 2908 952 2951; x_wconf 81' lang='lat' dir='ltr'>naamlijst</span> <span class='ocrx_word' id='word_1_322' title='bbox 964 2918 1001 2944; x_wconf 81' lang='lat' dir='ltr'>van</span> 
     </span>
     <span class='ocr_line' id='line_1_43' title="bbox 204 2957 710 3003; baseline -0.004 -8"><span class='ocrx_word' id='word_1_323' title='bbox 204 2957 351 3003; x_wconf 85' lang='lat' dir='ltr'>Grietmannen‚</span> <span class='ocrx_word' id='word_1_324' title='bbox 362 2957 493 2995; x_wconf 87' lang='lat' dir='ltr'>Leeuwarden</span> <span class='ocrx_word' id='word_1_325' title='bbox 506 2958 557 3002; x_wconf 83' lang='lat'>1893,</span> <span class='ocrx_word' id='word_1_326' title='bbox 569 2968 587 3000; x_wconf 88' lang='lat' dir='ltr'>p.</span> <span class='ocrx_word' id='word_1_327' title='bbox 599 2958 622 2994; x_wconf 84' lang='lat'>83</span> <span class='ocrx_word' id='word_1_328' title='bbox 633 2961 683 2995; x_wconf 89' lang='lat' dir='ltr'>noot</span> <span class='ocrx_word' id='word_1_329' title='bbox 694 2958 710 2993; x_wconf 88' lang='lat'>5.</span> 
     </span>
    </p>
   </div>
   <div class='ocr_carea' id='block_1_10' title="bbox 169 3006 588 3092">
    <p class='ocr_par' dir='ltr' id='par_1_10' title="bbox 169 3006 588 3092">
     <span class='ocr_line' id='line_1_44' title="bbox 169 3006 588 3092; baseline -0.002 -48"><span class='ocrx_word' id='word_1_330' title='bbox 169 3009 181 3092; x_wconf 64' lang='grc' dir='ltr'>Ξ</span> <span class='ocrx_word' id='word_1_331' title='bbox 204 3007 310 3092; x_wconf 60' lang='lat' dir='ltr'>{pJanlnum</span> <span class='ocrx_word' id='word_1_332' title='bbox 326 3011 359 3044; x_wconf 83' lang='lat' dir='ltr'>ten</span> <span class='ocrx_word' id='word_1_333' title='bbox 373 3007 417 3044; x_wconf 90' lang='lat' dir='ltr'>Z.O.</span> <span class='ocrx_word' id='word_1_334' title='bbox 432 3017 469 3043; x_wconf 87' lang='lat' dir='ltr'>van</span> <span class='ocrx_word' id='word_1_335' title='bbox 484 3006 588 3043; x_wconf 86' lang='lat' dir='ltr'>Franeker.</span> 
     </span>
     <span class='ocr_line' id='line_1_45' title="bbox 169 3061 274 3092; baseline -0.01 0"><span class='ocrx_word' id='word_1_336' title='bbox 169 3061 172 3067; x_wconf 92' lang='grc'><strong>’</strong></span> <span class='ocrx_word' id='word_1_337' title='bbox 241 3065 274 3092; x_wconf 85' lang='lat' dir='ltr'>ur.</span> 
     </span>
    </p>
   </div>
   <div class='ocr_carea' id='block_1_11' title="bbox 0 0 1075 3546">
    <p class='ocr_par' dir='ltr' id='par_1_11' title="bbox 0 0 1075 3546">
     <span class='ocr_line' id='line_1_46' title="bbox 0 0 1075 3546; baseline 0 0"><span class='ocrx_word' id='word_1_338' title='bbox 0 0 1075 3546; x_wconf 95' lang='lat' dir='ltr'> </span> 
     </span>
    </p>
   </div>
  </div>
 </body>
</html>
