2121 3546
545 231 575 277 40

135 356 209 410 magis
235 355 412 411 ingravescente
437 370 499 400 nono
525 353 554 400 ab
581 357 696 411 occupato
722 351 803 400 morbo
830 351 868 399 die
895 355 993 399 moritur

136 417 159 461 in
178 415 266 470 Baiom,
285 418 323 462 cui
340 418 448 472 virgines,
468 415 602 462 sacerdotes
621 421 645 462 et
663 417 770 461 conversi
789 415 910 461 adstantes
929 425 992 471 mag·

134 494 190 524 num
204 477 233 523 ob
248 494 299 523 rem
313 477 342 523 ab
357 479 409 534 ipso
423 482 538 535 perpetuo
553 477 614 523 bene
629 482 739 523 navatam
754 477 850 524 edidere
866 476 992 534 planctum.

135 538 210 584 Lectis
228 540 255 597 a)
271 538 378 595 precibus
395 539 531 585 funebribus
549 539 650 585 cadaver
667 555 757 585 summa
774 539 886 596 religione
903 538 994 585 Lidlom

136 600 239 646 delatum
253 602 305 657 ipso
320 600 357 646 die
371 599 400 646 D.
415 600 532 646 Lamberti
547 602 554 623 ¹
570 601 601 647 ad
615 599 696 647 valvas
711 602 809 647 sacrarii
823 600 951 646 tumulatur
967 600 994 659 b)

135 678 196 706 anno
209 661 302 707 Domini
315 665 379 707 1275,
391 661 433 708 Vir
446 662 552 708 omnibus
565 662 639 708 modis
652 661 783 717 laudabilis,
797 664 863 708 cuius
876 661 957 708 labore
970 666 993 707 et

135 722 250 767 industria
269 738 327 779 prae
346 724 445 768 caeteris
465 725 549 769 mirum
568 725 592 768 In
612 722 708 769 modum
726 722 874 768 Lidlomense
890 722 994 779 ,proiecit

135 785 308 890 bonadteriilm'
326 788 352 829 ut
368 784 433 830 solus
449 790 473 830 et
490 784 601 831 fundator
618 790 641 830 et
658 783 742 830 author
759 786 894 830 monasterii
911 785 994 830 merito

152 847 204 890 icen
221 861 249 890 us
272 849 329 890 oret.

419 969 546 1014 Suttridus
557 971 632 1015 abbas
642 970 711 1014 VIII.

137 1093 295 1140 Theodoricus
311 1091 435 1149 Sceltinga,
451 1092 525 1138 frater
539 1095 643 1138 virorum
657 1094 680 1137 in
695 1091 876 1138 Minderslrerka
891 1094 906 1146 ²,
923 1091 995 1138 abbas

138 1153 206 1200 Horti
222 1153 314 1199 Mariae
331 1153 460 1210 capitulum
477 1152 569 1198 adierat
585 1153 819 1198 praemonstratense
836 1152 955 1209 publicum
972 1157 996 1198 et

137 1214 253 1271 generale,
269 1217 321 1272 ipso
335 1215 435 1261 necdum
448 1231 543 1260 reverso
557 1216 611 1260 novi
626 1214 709 1259 electio
724 1213 815 1259 abbatis
829 1216 853 1259 in
868 1213 936 1260 huius
951 1214 996 1260 dil·

137 1277 212 1323 iertur
229 1276 336 1323 reditum.
353 1277 379 1334 c)
396 1275 491 1322 Summa
507 1275 642 1322 valetudine
658 1274 752 1321 rediens
770 1277 850 1332 iuncto
867 1277 952 1321 comite
967 1274 995 1321 D.

137 1338 248 1384 Mincone
260 1337 349 1384 FlorIdi
362 1337 431 1383 Horti
443 1337 527 1383 abbate
539 1337 664 1393 plurimum
677 1336 782 1391 colendo,
796 1336 888 1383 Lidlom
901 1341 955 1385 cont
956 1353 995 1383 en·

138 1400 178 1445 dit
197 1400 226 1457 d)
234 1400 326 1446 Aedem
344 1401 443 1456 ingressi
468 1398 628 1455 capitularem,
655 1397 756 1455 Spiritus
783 1397 863 1445 Sancti
888 1401 997 1444 invocata

138 1463 229 1517 gratia'
223 1478 246 1506 ιιι
255 1461 361 1517 profesto
370 1459 487 1506 Theodori
496 1460 626 1517 Martyris³
636 1462 752 1506 communi
761 1463 864 1506 omnium
874 1461 900 1518 e)
909 1460 996 1506 suflra-

138 1524 176 1577 gio
189 1521 306 1567 salutatur
319 1520 390 1566 abbas
404 1519 530 1567 SuIIridus
544 1520 582 1566 Ab
595 1525 663 1578 patre
676 1520 761 1566 abbate
769 1516 926 1566 confirmatus
940 1519 996 1566 Tra·

140 1585 227 1654 jectum
238 1583 357 1639 proiectus
368 1582 488 1628 infulatur.

139 1642 196 1688 Erat
217 1645 302 1699 insigni
322 1642 412 1688 familia
432 1642 573 1688 Krendze
594 1645 617 1688 in
638 1652 700 1700 pago
721 1642 744 1701 i)
765 1641 845 1688 Raerd
867 1645 875 1666 ⁶
896 1645 920 1688 in
942 1659 996 1688 con·

139 1703 196 1748 linio
225 1707 303 1748 terrae
330 1719 405 1748 novae
433 1708 509 1748 natus,
539 1701 583 1748 Hic
612 1702 642 1748 ab
670 1704 722 1760 ipsa
751 1703 851 1748 iniantIa
879 1703 997 1760 religionis

139 1763 224 1808 ardore
247 1762 388 1815 flammatus,
412 1767 506 1819 sumpta
528 1762 620 1808 sibimet
644 1761 733 1808 familia
756 1767 807 1808 tota
830 1763 918 1808 ordinis
942 1762 996 1808 obe·

140 1822 243 1868 dientiae
261 1839 286 1868 se
304 1822 414 1879 subjicit;
440 1825 464 1867 in
482 1840 511 1868 ea
528 1839 705 1876 consenescens,
724 1825 833 1868 canitiem
851 1826 939 1879 pietate
957 1840 997 1869 ex·

139 1885 237 1936 ornavit,
252 1887 277 1928 ut
292 1882 380 1939 duplici
393 1882 483 1928 honore
497 1883 579 1939 dignus
594 1887 737 1929 censeretur.
752 1883 922 1938 Misericordia,
937 1885 998 1929 miti-

141 1949 196 1998 tate,
208 1946 354 2001 caeterisque
365 1943 466 2000 Spiritus
477 1943 558 1990 Sancti
577 1944 644 1991 donis
655 1944 740 1999 clarus,
753 1961 868 1991 summum
880 1945 998 2001 dignitatis

139 2005 232 2052 culmen
249 2006 359 2063 indeptus
377 2010 419 2052 est.
438 2005 557 2052 Summam
575 2023 683 2052 annonae
699 2009 821 2053 carilatem
839 2011 863 2053 et
881 2007 999 2063 detectum

140 2070 187 2113 suis
199 2066 371 2113 beneticentiae
384 2068 450 2113 donis
463 2067 589 2125 plurimum
601 2070 715 2126 pensavit,
729 2067 887 2125 aegritudines
900 2069 999 2114 fratrum

140 2138 222 2185 graves
235 2130 261 2187 g)
272 2131 360 2175 vicaria
371 2146 442 2175 manu
453 2130 591 2187 medicaque
602 2130 701 2176 multum
713 2129 777 2176 fovit.
790 2129 832 2176 His
845 2134 941 2176 ornatus
953 2132 999 2176 vir·

141 2189 229 2236 tutibus
250 2189 419 2236 sceleratorum
438 2191 556 2237 hominum
585 2191 731 2249 fratrumque
751 2191 864 2238 invidiam
884 2194 999 2238 sustinere

140 2252 168 2310 h)
183 2250 248 2297 nullo
265 2268 308 2298 suo
323 2255 406 2299 merito
422 2258 517 2299 coactus
533 2257 575 2307 est,
591 2269 651 2310 quos
667 2258 690 2299 et
706 2255 769 2299 vitae
784 2255 887 2310 purItate
903 2258 926 2300 et
943 2254 1000 2300 Iidei

210 2379 268 2415 ιιιιιι..Ι
290 2378 401 2421 postridie,-

210 2428 336 2471 preIectnrae
348 2436 401 2463 anno
415 2428 442 2469 18,
455 2427 513 2463 sant·
507 2436 524 2463 rs
538 2427 597 2470 1275;

209 2480 255 2514 octo
270 2477 426 2514 bebdomadibus
440 2477 553 2519 praeteritis
567 2455 659 2519 rebeum
723 2496 724 2499 =

177 2379 185 2421 l

178 2428 186 2471 )

176 2478 261 2619 ἒ
211 2528 276 2564 locum
286 2527 366 2563 futurae
377 2526 469 2562 electioni
480 2526 605 2568 designatum
616 2505 769 2569 trimembrem

181 2626 188 2668 )

164 2390 176 2415 a

165 2430 177 2465 b

165 2488 175 2513 c

165 2529 178 2563 ιι

166 2587 177 2613 e
210 2577 268 2613 elect·
261 2585 322 2618 rone;
593 2575 611 2617 t)
642 2575 740 2619 nauem,-

213 2636 248 2662 sna
260 2635 319 2662 manu
332 2625 416 2667 medica·

166 2674 187 2717 n)
212 2683 260 2717 prae
262 2676 291 2710 ter
302 2673 360 2710 ment
362 2682 402 2716 um,-

168 2756 360 2801 lIt.ISepen1ber

166 2808 178 2843 2
201 2806 332 2850 Minuertsga.

166 2855 178 2890 3
202 2854 342 2891 8November.

166 2905 177 2939 4
203 2902 297 2949 Krendze,
310 2913 352 2946 nog
366 2905 424 2946 terug
438 2905 459 2939 te
473 2902 544 2939 vinden
558 2902 578 2939 in
593 2902 617 2938 de
631 2902 759 2947 Krinserarm
774 2902 826 2940 oude
840 2912 897 2939 naam
912 2913 949 2939 van
964 2912 1000 2940 een

202 2952 339 2994 voormaligen
355 2954 431 2988 stroom
449 2949 551 2994 (eigenliik
567 2960 603 2987 een
620 2961 661 2987 ann
678 2960 714 2987 van
732 2950 756 2986 de
773 2950 891 2995 Middelzee)
909 2950 1001 2989 tusschen

202 2999 298 3041 Rauwerd
312 3011 336 3037 en
349 3000 509 3044 Oosterwierurn,
522 3001 552 3036 zie
566 2999 582 3036 J.
597 2999 691 3045 Winkler‚
705 2999 783 3036 Friesch
797 2999 866 3037 dek.
882 3000 914 3045 IV,
928 3011 946 3044 p,
960 3000 1000 3038 222.

166 3050 178 3086 5
202 3047 303 3094 Rauwera
316 3048 408 3087 tusschen
421 3047 485 3085 Sneek
497 3059 521 3085 en
534 3047 670 3085 Leeuwarden.
