2121 3546
578 262 606 306 16

162 383 284 437 praecipit,
302 380 329 427 ld
345 380 481 427 subodorati
498 399 528 427 ex
544 380 619 428 Horto
635 381 663 429 D.
680 381 782 439 Virginis
798 381 884 428 tratres
901 384 1020 428 resistunt.

164 441 273 488 Clamore
283 447 334 488 orto
345 442 373 488 iit
383 459 509 489 concursus
520 443 652 489 multorum.
664 442 769 500 Uterque
780 442 851 490 abbas
863 445 886 489 in
898 442 1021 490 Gernaerd

163 505 310 556 conveniens.
323 519 419 549 causam
429 509 503 550 totam
515 506 570 551 viris
582 508 729 551 committunt
740 504 789 550 lide
801 504 882 561 dignis.
895 506 936 561 qui
947 506 1021 551 omni-

163 563 206 610 bus
224 564 255 610 ad
272 574 373 620 unguem
391 568 537 620 examinatis,
556 565 621 611 litem
640 565 782 612 dirimerent.
817 564 860 611 Rei
879 564 1021 612 difficultate

163 627 226 678 moti¹
239 624 263 670 hi
276 628 394 681 negotium
406 643 475 672 omne
487 629 597 684 rejiciunt
610 629 633 673 in
647 629 710 684 ipsos
724 627 828 673 abbates.
842 626 971 683 Etelgerus‚
986 628 1021 672 vir

160 685 266 731 omnibus
276 686 351 731 modis
361 686 454 732 humilis
464 692 488 732 et
497 687 623 742 modestus,
635 690 793 733 transactione
803 703 856 734 cum
866 686 929 743 Sijds
940 686 1021 733 Clare·

163 749 283 803 campensi
299 746 369 801 iacta,
387 748 494 794 concedit
510 747 670 795 Widameram
686 749 838 795 Nazareticis.
857 747 901 794 Hic
918 751 1021 806 acceptis

163 807 245 853 decem
263 809 371 854 monetae
390 811 495 866 integrae
514 809 579 855 libris
599 815 622 856 et
641 826 727 856 novam
745 809 788 856 sub
808 812 859 867 ipso
879 812 1021 856 monasterio

164 867 232 914 Horti
250 871 381 926 proximam
399 872 483 928 recipit
501 873 674 927 possessionem
692 870 842 918 luculentam.
861 870 924 917 Lites
944 873 1021 917 animo

163 931 266 975 remittit.
726 950 727 954 ’

163 994 190 1051 a)
198 993 292 1047 Fuerat,
310 1010 340 1039 ex
356 992 475 1039 simultate
491 992 594 1050 quadam
610 991 743 1039 Fridericus
760 994 887 1050 imperator
905 991 1021 1038 Romano·

163 1072 214 1101 rum
229 1054 258 1101 ab
272 1053 386 1111 Gregorio
401 1053 433 1099 IX
447 1054 563 1100 Pontifice
576 1053 682 1100 Romano
696 1056 910 1100 excommunicatus
925 1055 933 1077 ²
948 1057 1021 1111 impe-

163 1118 244 1173 rioque
254 1115 367 1172 dejectus,
376 1117 535 1171 interregnum
543 1130 658 1161 annorum
666 1114 774 1171 plurium.
783 1114 903 1161 Romanus
912 1114 1023 1160 Pontifex

164 1177 194 1223 de
205 1176 368 1223 substituendo
380 1178 522 1233 imperatore
534 1176 610 1233 deque
622 1192 682 1222 novo
695 1175 803 1232 eligendo
816 1175 937 1229 sollicitus,
951 1175 1022 1222 abba-

164 1243 211 1284 tem
224 1237 409 1290 cussiacensem,
422 1238 542 1295 quondam
552 1237 808 1290 Praemonstratensis².
822 1254 837 1283 a
849 1237 906 1283 sede
919 1236 1021 1294 Aposto-

164 1298 210 1344 lica
221 1299 317 1344 missum
329 1298 360 1343 ad
372 1297 462 1343 Daniae
473 1307 552 1354 regem
563 1297 746 1352 Waldemarum
759 1299 804 1355 ipsi
816 1299 908 1355 imperii
921 1298 974 1355 iura
986 1297 1021 1343 ol·

164 1360 217 1405 tert.
233 1358 277 1405 Ille
291 1358 410 1405 Frederici
426 1361 555 1416 potentiam
570 1361 664 1412 veritus,
680 1358 784 1405 oblatum
799 1360 923 1415 imperium
937 1360 1021 1416 rejicit.

165 1419 209 1466 Hic
223 1420 300 1466 Dania
313 1420 395 1466 relicta
409 1419 509 1465 Frisiam
523 1420 611 1473 adiens.
627 1419 735 1466 abbatem
750 1418 877 1475 Jelgerum,
893 1422 966 1466 veteri
980 1436 1021 1466 no·

164 1484 216 1528 titia
229 1498 318 1527 summe
332 1479 448 1535 dilectum,
464 1481 567 1527 salutat³¹
582 1480 642 1526 Hinc
655 1479 806 1537 Thuringiam
819 1483 943 1535 transiens¹
958 1479 1022 1527 Hen-

164 1544 213 1587 rico
222 1541 362 1598 Lantgravio
373 1543 381 1563 ⁴
390 1546 544 1598 representat,
555 1543 595 1599 qui
606 1540 673 1587 Sedis
684 1540 837 1598 Apostolicae
847 1546 924 1587 motus
935 1543 1022 1588 autori-

164 1606 214 1647 tate
222 1603 246 1646 in
255 1617 281 1646 se
291 1603 373 1657 recipit
382 1600 416 1658 b).
426 1600 500 1647 Paulo
510 1606 563 1657 post
573 1617 603 1646 ex
613 1603 741 1646 intoxicata
750 1600 875 1657 chlamyde
885 1602 969 1657 insigni
977 1603 1022 1658 ipsi

163 1660 192 1706 ab
214 1660 339 1706 Frederico
361 1659 469 1718 simulate
492 1659 554 1713 data,
578 1662 653 1717 periit.
678 1659 802 1706 Cunradus
826 1660 889 1706 lilius
913 1662 975 1717 patri
999 1662 1028 1706 in‘

164 1723 262 1778 imperio
274 1720 395 1775 suffectus
407 1721 556 1778 postmodum
567 1721 667 1767 feliciter
679 1723 795 1778 nuperae.

164 1781 267 1828 Rursum
278 1780 357 1828 abbati
369 1780 464 1837 Jelgero
476 1798 529 1828 cum
540 1780 650 1839 Sydacho
662 1781 747 1828 abbate
759 1780 951 1839 Clarecampensi
962 1798 1023 1828 nova

165 1846 238 1889 oritur
257 1842 371 1889 simultas!
391 1841 446 1888 Jam
464 1847 514 1888 tum
532 1844 556 1888 in
574 1845 632 1900 ipsis
650 1842 769 1899 religionis
789 1842 892 1889 exordiis
919 1848 1021 1898 satanas,

165 1902 266 1948 invidiae
292 1904 451 1959 avaritiaeque
477 1904 566 1948 semina
585 1912 705 1959 spargens,
724 1901 848 1948 ecclesiam
866 1902 910 1948 Dei
928 1902 1023 1950 turbare

164 1966 252 2009 nititur,
265 1962 349 2009 Extitit
362 1966 385 2008 in
399 1972 459 2021 pago
472 1964 498 2021 c)
512 1963 634 2020 OptvijseL
648 1979 723 2021 prope
736 1962 760 2010 S,
774 1963 900 2021 Augustini
913 1963 993 2010 villam
1007 1966 1022 2019 ⁰,

165 2025 199 2069 vir
215 2023 244 2080 ol)
260 2022 405 2068 haereditate
421 2028 520 2079 paterna
536 2022 667 2079 praedives.
701 2021 751 2076 Hic.
768 2039 849 2069 secum
864 2022 944 2069 habita
960 2026 1023 2070 vitae

165 2087 289 2128 anteactae
300 2084 479 2139 computatione,
492 2099 534 2128 suo
547 2083 631 2139 spiritu
643 2082 733 2136 duetus.
747 2082 797 2128 Deo
810 2081 905 2140 Optimo
918 2082 1023 2130 Maximo

165 2148 266 2200 quantus
279 2147 330 2188 erat
344 2147 417 2188 semet
431 2142 510 2188 dicare
523 2145 611 2188 statuit.
626 2142 797 2189 Monasterium
809 2145 911 2200 propriis
925 2145 1022 2201 sumpti·

165 2204 207 2250 bus
222 2206 246 2249 in
259 2202 419 2261 Wigera·torp
435 2203 528 2250 ditionis
543 2208 657 2261 paternae
672 2205 770 2260 erigens¹
786 2221 816 2251 ex
831 2221 873 2251 suo
888 2207 981 2251 nomine
997 2206 1023 2263 e)

188 2351 208 2393 a)
233 2350 300 2388 Abbas
313 2350 445 2387 cussiacensis
458 2349 566 2392 conradus,
578 2349 632 2386 cuius
644 2358 704 2392 supra
716 2349 845 2392 meminimus,
858 2359 870 2386 a
882 2351 928 2387 sede
941 2352 1000 2394 apost
1014 2372 1022 2379 -

163 2400 200 2437 lica
212 2400 283 2436 missus
296 2399 321 2435 ad
335 2398 479 2440 Valdemarum,
492 2398 567 2435 Daniae
580 2407 648 2441 regem
654 2409 662 2441 ;

190 2449 210 2490 b)
236 2447 257 2484 lu
268 2449 328 2485 (lezen
339 2448 370 2484 zin
380 2447 486 2484 onibreelri
497 2447 531 2483 lret
541 2446 617 2489 obiecl;
727 2446 746 2488 c)
771 2447 856 2491 Tviisel;

190 2496 210 2538 dl
237 2496 317 2533 Gericus
331 2495 415 2538 quidam,
428 2495 525 2531 celebsel
538 2495 598 2531 <lires¹
624 2495 659 2531 llic
672 2494 739 2531 mundi
752 2495 853 2537 pereuntis
866 2496 951 2538 gloriam
965 2495 1023 2532 altius

166 2544 277 2586 meditatus!
289 2553 360 2579 noram
373 2543 425 2579 vitae
437 2542 582 2579 institutionem
595 2542 707 2579 meditatur.
721 2540 899 2579 Monasterium......
906 2554 914 2586 ‚·

190 2594 209 2635 e)
236 2592 402 2635 Gercksclaester;

190 2691 198 2726 1
224 2690 247 2726 20
259 2689 305 2726 Mrt.
319 2689 369 2726 1239.
465 2689 476 2725 2
500 2687 530 2725 Sc.
544 2688 637 2725 ecclesiae
650 2688 716 2733 abbas,
728 2690 767 2732 vgl.
781 2688 843 2725 Gesta
855 2699 874 2733 p.
888 2689 927 2726 191.

189 2739 200 2775 3
225 2737 381 2781 Waarschiinliik
392 2739 476 2774 verwart
487 2736 536 2773 Sibrr
549 2736 588 2774 Leo
600 2739 650 2773 twee
662 2737 721 2773 abien
732 2747 769 2773 van
782 2737 857 2782 Cuissy,
869 2738 901 2774 nl.
914 2737 1023 2783 Comedus,

225 2786 256 2823 die
268 2785 335 2830 Jelger
348 2796 393 2823 eens
406 2788 426 2821 te
437 2784 554 2823 Premontre'
566 2787 656 2822 ontmoet
668 2784 712 2829 trad,
725 2795 749 2822 eu
762 2785 883 2830 wilhelmus,
896 2785 927 2823 die
940 2787 1023 2830 volgens

225 2836 249 2872 de
259 2835 320 2872 Gesta
330 2834 357 2878 (p.
368 2834 411 2878 209)
422 2835 450 2871 als
461 2837 533 2878 gerant
543 2844 591 2870 naar
601 2833 737 2871 Denemarken
748 2835 851 2878 gezonden
862 2835 931 2873 wordt.

189 2886 200 2921 4
224 2884 313 2921 Hendrik
327 2884 398 2929 Raspe,
415 2884 519 2927 landgraaf
535 2894 552 2919 v.
567 2882 687 2928 Thuriugeu,
704 2883 827 2920 aanvaardde
843 2884 862 2921 in
879 2884 919 2921 mei
938 2886 983 2922 1246
999 2885 1023 2922 de

225 2933 319 2969 Duitsche
329 2932 486 2976 koningsluoon,
496 2931 527 2968 die
537 2932 557 2967 iu
568 2931 704 2968 Denemarken
715 2932 827 2974 tevergeeis
837 2942 877 2968 was
888 2933 1023 2976 aangeboden.

189 2982 200 3017 5
225 2979 288 3021 Reeds
299 2980 365 3016 sedert
378 2980 423 3016 1237
434 2978 625 3023 Roomsch-koning,
637 2978 710 3022 volgde
722 2979 825 3016 Koenraad
838 2978 864 3017 IV
875 2980 913 3023 zijn
926 2979 985 3017 vader
998 2991 1023 3018 na

226 3029 280 3066 diens
293 3028 347 3066 dood
360 3028 392 3072 (13
405 3027 451 3064 Dec.
466 3028 519 3071 1250)
533 3038 565 3071 ορ.
580 3026 629 3064 Sibr.
642 3027 697 3070 wijkt
710 3037 763 3065 soms
777 3027 797 3064 af
810 3038 847 3064 van
862 3028 886 3064 cle
900 3028 961 3066 Gesta
975 3028 1023 3072 (vel.

225 3087 243 3122 p.
256 3077 321 3113 20911.
335 3075 360 3122 3),
479 3076 491 3116 6
515 3074 670 3119 augustiniana,
683 3074 727 3115 Z.O.
741 3085 778 3113 van
792 3074 915 3122 ssuitenpost.
