2121 3546
468 258 497 302 75

46 398 102 428 -rum
113 380 261 427 commodato
273 365 387 427 numerat.
400 379 530 438 Solutoque
542 379 621 426 debito
633 381 696 426 omni
708 381 753 425 300
765 378 875 435 relinquit
888 379 912 423 in
931 441 932 444 Ἰ

50 460 93 491 suo
103 444 195 489 aerario
206 441 317 488 florenos,

49 505 92 552 His
129 504 201 551 rebus
237 503 341 551 feliciter
377 504 444 556 actis,
483 504 548 548 vitae
585 501 659 548 linem
696 502 801 554 sortitur,
840 515 910 557 prae·

49 563 160 610 tecturae
177 578 235 609 suae
254 579 316 609 anno
334 565 370 609 25.
406 561 512 607 Mortem
529 563 692 607 imminentem
704 561 784 606 'certis
803 560 910 605 sentiens

49 622 145 677 inditiis,
160 623 305 668 monastices
319 622 346 679 o)
360 637 443 668 omnes
457 619 488 666 ad
502 637 528 666 se
542 624 642 666 vocatos
657 618 688 665 ad
701 635 787 677 pacem
800 617 911 665 hortatur

50 687 74 729 et
83 681 239 728 concordiam.
250 681 401 727 Precationes
410 696 504 737 quoque
514 679 567 726 lieri
579 678 650 737 jubet,
660 684 687 725 ut
697 680 823 735 impetrata
833 677 913 723 divina

50 746 126 802 gratia
138 746 211 790 vitam
223 745 335 800 consequi
348 747 428 800 posset
442 747 568 788 aeternam.
583 741 611 800 b)
624 740 708 787 Laneis
721 757 794 798 quum
806 743 912 787 uteretur

50 806 154 860 indusiis,
167 807 191 851 in
202 807 254 862 ipso
265 807 346 851 mortis
358 804 458 851 articulo
469 806 509 850 vix
520 803 555 849 illi
566 819 706 861 persuasum
716 803 767 857 luit,
780 808 806 849 ut
818 803 912 848 mutati·

50 871 80 915 tis
91 870 119 914 iis
130 867 198 914 lineis
208 868 235 925 c)
245 873 324 913 tamen
334 872 446 914 uteretur.
459 865 531 913 dubet
542 866 666 924 praeterea
677 882 707 912 ne
718 868 770 922 ipso
782 864 912 911 decedente

50 930 160 985 cuiquam
174 929 220 972 sint
234 926 327 973 molesti
342 926 484 981 autbiniensi
498 925 597 972 colonis:
613 942 694 971 omnes
709 927 755 982 ipsi
770 925 801 970 ad
816 924 912 970 obulum

50 1003 186 1034 numerasse
197 991 343 1043 proventum.
355 985 525 1033 Commendato
536 985 582 1031 illis
594 1002 624 1031 ex
635 1001 716 1031 sorore
726 989 813 1042 nepote
823 982 851 1029 D.
863 982 912 1029 Go-

51 1047 143 1093 deirido
153 1049 177 1092 in
187 1045 287 1091 Domino
297 1048 395 1092 moritur
405 1061 467 1091 anno
478 1044 560 1091 salutis
573 1046 636 1091 1543.

248 1168 395 1212 Godofridus
407 1167 487 1218 Dooys
501 1168 577 1211 abbas
589 1165 699 1210 XXXII.

50 1288 162 1346 Exequiis
172 1287 300 1334 venerandi
309 1287 337 1333 D.
348 1286 459 1344 Keppelii
468 1289 513 1333 rite
522 1289 631 1345 peractis.
643 1291 768 1343 praesente
779 1287 807 1333 D.
819 1285 912 1332 Joanne
937 1309 939 1312 v

50 1347 189 1394 Hasselensi
202 1352 270 1404 patre
284 1346 375 1401 abbate,
390 1346 551 1393 Lidlomenses
566 1345 635 1393 simul
649 1345 761 1392 collectos
776 1346 859 1392 aedem
873 1362 912 1394 car

21 1409 23 1411 ’
50 1410 176 1467 pitularem
185 1410 276 1469 ingredi
285 1409 389 1455 mandat.
400 1408 512 1454 Invocata
522 1408 623 1466 Spiritus
634 1407 715 1454 Sancti
725 1411 801 1465 gratia
811 1408 841 1454 de
851 1424 912 1454 nova

51 1468 170 1516 electione
184 1468 288 1515 ineunda
302 1468 386 1516 sedulo
400 1466 517 1515 hortatur.
533 1468 649 1515 Oratione
664 1467 733 1514 linita
747 1467 866 1525 eliguntur
881 1484 912 1514 ex

51 1527 261 1585 praestantioribus
278 1545 327 1582 sex,
343 1527 428 1585 quibus
443 1527 515 1585 plena
532 1528 601 1574 datur
617 1544 648 1573 ex
664 1544 717 1573 sese
733 1527 843 1573 abbatem
858 1543 913 1573 con-1

51 1590 164 1637 stituendi
172 1594 284 1646 potestas.
295 1589 354 1636 Orta
363 1589 516 1636 altercatione
525 1607 555 1635 ex
564 1591 755 1646 praeeminentia,
767 1590 823 1636 dum
831 1595 913 1635 neuter

51 1651 122 1698 alteri
131 1651 204 1706 cedit,
212 1660 284 1708 aegre
294 1651 422 1699 admodum
431 1651 461 1698 de
471 1650 560 1698 abbate
570 1650 675 1698 creando
685 1650 749 1698 toret
759 1655 911 1698 conventum.

51 1711 119 1757 Prior
128 1710 283 1758 Lidlomensis
295 1710 406 1764 Joannes,
418 1709 543 1757 Godelridi
553 1711 633 1764 irater,
645 1710 751 1757 futuram
760 1711 841 1757 fratris
852 1710 913 1756 elec-

52 1775 145 1827 tionem,
176 1789 248 1830 qnam
277 1789 426 1830 summopere
448 1772 551 1830 optabat,
567 1772 650 1819 videns
666 1772 730 1819 lente
745 1778 769 1819 et
785 1772 914 1819 difficulter

51 1835 186 1892 procedere,
197 1835 294 1891 adjutus
304 1835 430 1892 prudentia
441 1839 464 1881 et
474 1837 615 1881 auctoritate
625 1834 653 1880 D.
665 1833 765 1880 Joannis
776 1834 914 1891 Trajecten-

52 1899 83 1943 sis
96 1896 299 1943 Menaldumensis
312 1897 426 1943 ecclesiae
439 1899 547 1954 pastoris,
562 1899 630 1954 cuius
643 1895 673 1942 ob
686 1899 778 1943 senium
790 1902 814 1943 et
828 1897 913 1943 doctri·

50 1975 106 2005 nam
118 1968 204 2016 magna
215 1963 267 2004 erat
279 1961 418 2013 aestimatio,
432 1958 571 2005 electionem
583 1963 714 2016 promovet,
727 1977 775 2019 quo
786 1959 914 2019 impulsore

52 2022 170 2066 communi
187 2020 301 2077 suffragio
317 2020 469 2075 Godeiridus,
488 2022 606 2067 eeclesiae
623 2022 647 2066 in
664 2020 805 2067 Tzemarom
822 2026 911 2078 pastor,

2 2117 3 2120 η
52 2080 125 2127 abbas
141 2079 282 2127 declaratur.
298 2080 406 2127 Electum
420 2079 570 2127 Hasselensis
586 2080 718 2127 confirmat.
735 2079 841 2126 Instante
856 2095 914 2136 qua·

52 2143 184 2200 dragesima
195 2141 331 2199 Traiectum
341 2142 461 2200 proiectus
472 2145 674 2189 consecrationem
683 2145 707 2188 in
718 2159 744 2188 se
754 2143 845 2200 recipit.

50 2204 108 2251 Erat
116 2204 260 2251 Godeiridus
269 2207 364 2251 natione
378 2203 608 2259 Zvollensis,lamilia
616 2204 811 2262 Doeys,materna
819 2206 892 2261 stirpe
901 2220 916 2250 a

52 2264 152 2322 Keppel,
165 2263 264 2310 Joannis
276 2281 307 2310 ex
318 2281 400 2311 sorore
410 2263 494 2322 Alytta
505 2281 586 2322 nepos.
599 2263 643 2310 Hic
656 2264 765 2311 avunculi
777 2280 849 2311 suasu
860 2263 915 2309 reli-

53 2329 145 2383 gionem
164 2325 308 2380 desiderans,
327 2326 444 2373 Phrisiam
462 2328 557 2384 trajicit.
578 2326 604 2373 ln
623 2325 714 2373 Lidlom
733 2343 748 2372 a
766 2325 915 2373 Duivelando

52 2393 168 2446 receptus,
186 2404 277 2434 morum
295 2388 407 2435 civilitate
424 2388 531 2435 omnibus
549 2388 634 2435 charus
652 2390 736 2434 extitit.
755 2388 812 2435 Erat
830 2393 915 2435 natura

53 2450 158 2507 placida,
164 2452 214 2495 miti
223 2455 247 2496 et
255 2449 362 2507 benigna,
374 2454 465 2497 statura
474 2451 592 2505 mediocri,
603 2449 684 2507 capilli
693 2450 748 2505 albi,
758 2450 821 2497 oculi
831 2450 914 2506 glauci,

52 2529 124 2559 nasus
137 2511 249 2566 aduncus,
263 2514 322 2558 cutis
335 2511 437 2558 candida
449 2513 466 2559 d
466 2513 485 2570 )‚
498 2529 545 2559 vox
558 2512 623 2558 clara
636 2517 659 2558 et
672 2511 747 2567 exilis,
761 2514 854 2570 ingenio
867 2529 914 2559 non

54 2571 180 2618 admodum
194 2571 257 2616 ielici
270 2571 300 2617 ob
314 2571 435 2617 literarum
449 2574 611 2628 ignorantiam,
626 2572 690 2629 quod
704 2577 727 2618 et
741 2574 914 2629 ipsumsummo

52 2650 95 2680 suo
114 2633 238 2692 dispendio
256 2632 356 2680 aliorum
373 2633 478 2691 pendere
497 2634 584 2691 judicio
602 2635 684 2690 coegit,
704 2634 808 2692 alioquin
827 2651 869 2691 per
889 2651 915 2680 se

52 2695 144 2742 felicius
161 2700 330 2753 praestaturus,
348 2695 413 2753 quod
429 2695 481 2741 aliis
498 2696 640 2754 quandoque
657 2699 774 2754 corruptis
792 2698 913 2751 commisit,

52 2757 116 2816 quod
125 2759 171 2815 ipsi
180 2759 204 2803 in
214 2756 293 2804 multis
304 2760 382 2804 causis
392 2756 473 2804 arduis
484 2757 599 2805 accidisse
609 2774 652 2815 pro
663 2763 783 2816 comperto
794 2758 914 2805 habemus.

77 2883 97 2924 a)
122 2883 175 2919 add:
186 2882 233 2924 ipso
244 2882 276 2919 dte
288 2883 307 2919 S.
316 2882 424 2926 Stephani,
496 2892 499 2894 ·

77 2930 99 2971 b)
124 2930 181 2968 Dicta
198 2930 315 2967 delictorum
332 2931 459 2967 confessione
476 2932 497 2967 et
512 2940 570 2971 sacro
586 2930 686 2968 iniunctus
702 2931 755 2974 oleo,
780 2934 824 2970 toto
837 2934 916 2971 astante

52 2980 138 3023 collegio
147 2981 168 3017 in
177 2980 263 3017 Domino
272 2981 356 3017 moritur
365 2989 418 3017 auno
427 2980 497 3017 salutis
508 2982 553 3018 1543
562 2982 606 3025 ipso
617 2981 648 3017 ute
658 2981 677 3018 S.
687 2981 771 3018 ioannis
781 2982 914 3025 Evangetisie.

52 3029 74 3066 ln
86 3031 152 3067 medio
165 3030 220 3066 cnon·
232 3030 321 3073 sepultus
333 3030 399 3074 lapide
412 3032 494 3074 opertus
507 3032 590 3073 quiescit
596 3043 604 3075 ,-

75 3081 94 3123 c)
119 3080 427 3124 A:mutatiisi1's,·om.:11'neis,·
508 3081 529 3122 d)
554 3081 620 3118 moltis
634 3083 654 3117 et
667 3081 754 3118 feminea
760 3094 768 3125 ;
