2121 3546
533 197 562 242 32

122 316 249 371 Vibrando.
265 317 360 364 Goslico
375 320 430 364 viris
445 316 628 365 bellicosissimis
643 320 667 365 in
682 320 731 365 vita
745 317 865 364 Frederici
880 317 982 376 praefati

124 396 210 425 sumus.
228 378 318 426 Horum
333 379 468 437 exemplum
483 379 614 426 aemulatus
631 379 693 435 Sibo,
711 382 747 426 sui
764 381 855 426 comitis
872 379 899 438 a)
916 378 981 437 Tjal-

126 439 190 496 lingit
198 439 295 486 consilio
304 440 384 494 fretus,
394 443 467 486 vitam
475 440 502 498 b)
510 440 642 497 regularem
651 440 720 487 modo
729 443 860 487 institutam
868 439 983 496 laxiorem

124 518 176 547 esse
188 503 341 558 conspiciens,
354 504 427 559 magis
440 508 529 548 arctam
541 519 569 548 ac
581 502 680 559 rigidam
692 504 788 560 expetit.
802 501 897 548 Ordinis
910 502 982 548 Prae-

124 564 302 607 monstratensis
315 562 442 619 primulum
455 565 598 619 erumpentis
612 565 718 609 instituto
733 562 869 617 delectatus¹
884 578 982 608 venera-

125 621 195 668 bilem
212 627 305 679 patrem
321 621 349 668 D.
368 621 484 669 Entonem
501 622 569 669 Horti
586 622 614 669 D.
634 622 735 680 Virginis
754 622 863 669 abbatem
881 622 981 676 accedit;

124 687 214 728 retecta
232 684 304 728 animi
323 685 446 737 sententia,
466 684 555 729 ordinis
575 683 644 738 illius,
664 682 800 740 posthabito
818 685 983 729 canonicorum

126 759 157 787 ex
167 742 192 800 c)
203 741 382 799 Ludingalrerka
393 745 529 800 patrocinio,
542 744 604 789 vitae
615 742 757 789 candidioris
769 759 874 788 normam
886 744 982 799 expetit.

125 802 185 849 Ento
198 804 304 850 omnibns
317 804 392 850 modis
405 804 523 861 religionis
536 804 776 850 Praemonstratensis
790 804 922 861 protectum
935 821 983 850 am·

125 865 200 922 pliare
211 866 315 919 studens,
327 865 398 911 tacite
408 865 552 923 obsequitur:
565 865 631 912 illum
643 882 696 912 cum
707 867 755 912 suis
766 868 790 911 in
802 882 923 912 commune
935 865 983 912 col·

126 925 211 981 legium
227 928 317 983 recipit,
335 926 363 984 d)
380 931 452 972 exuta
468 930 535 972 veste
550 931 608 980 atra,
634 925 759 973 candidam
790 925 872 972 induit,
905 926 984 972 Prima

126 989 196 1094 {gliggr
212 988 238 1045 e)
254 989 389 1034 monasterii
405 987 560 1034 Lidlomensis
577 987 689 1034 tundatur
706 987 806 1034 ecclesia
823 1004 885 1034 anno
901 987 984 1034 salutis

432 1175 449 1219 J
450 1174 556 1218 almarus
569 1174 644 1218 abbas
658 1174 677 1218 I.

128 1298 199 1344 Anno
217 1299 325 1355 sequenti
342 1297 405 1343 tacta
423 1296 510 1342 ordinis
529 1298 657 1342 mutatione
675 1298 764 1353 primus
783 1313 798 1342 a
815 1300 883 1353 patre
900 1295 985 1343 Enteto

128 1360 263 1416 designatur
280 1359 352 1405 abbas
369 1358 494 1412 Jelmarus,
512 1361 547 1403 vir
564 1358 675 1415 prudens.
693 1356 737 1404 Hic
754 1360 849 1404 summis
867 1356 985 1405 laboribus

128 1423 182 1467 novi
191 1420 284 1477 collegii
293 1420 364 1478 aedes
374 1426 504 1473 exstruens,
515 1437 545 1465 ex
555 1425 654 1477 utroque
664 1435 723 1466 sexu
732 1422 849 1475 ingentem
859 1419 890 1465 ad
901 1436 927 1465 se
937 1424 985 1466 tur·

128 1481 182 1527 bam
200 1483 289 1538 recipit,
309 1480 441 1538 multosque
460 1482 522 1526 vitae
541 1479 657 1537 probitate
676 1479 706 1525 ab
725 1481 789 1525 inani
807 1496 894 1537 pompa
913 1479 987 1526 seculi

128 1548 244 1596 avertens,
257 1548 350 1599 sumpta
361 1547 426 1588 veste
437 1541 539 1588 candida
550 1541 638 1587 ordinis
651 1541 801 1599 splendorem
813 1543 899 1587 imitari
911 1541 986 1588 docet.

127 1604 240 1650 Friderici
249 1603 382 1660 exemplum
390 1606 500 1657 imitatus,
509 1603 604 1661 nequid
613 1602 701 1656 turbae.
711 1602 822 1649 infamiae
831 1604 987 1661 sinistraeque

130 1668 269 1723 suspicionis
285 1667 308 1711 in
325 1682 392 1711 sacro
408 1681 450 1711 suo
467 1667 567 1711 oriretur
583 1664 688 1721 collegio.
705 1681 791 1711 novum
807 1667 922 1722 virginum
937 1681 986 1711 mo·

129 1730 258 1773 nasterium
268 1727 395 1773 aedificare
406 1728 487 1773 statuit
497 1726 588 1783 longius
600 1743 614 1772 a
625 1743 667 1773 suo
678 1726 792 1773 dissitum.
803 1725 890 1773 Ulbodi
901 1728 945 1772 viri
955 1729 988 1785 pii

132 1794 155 1835 et
171 1788 269 1842 honesti,
286 1788 309 1846 t)
326 1787 420 1834 Simlcae
436 1793 557 1834 matronae
574 1788 651 1834 divitis
669 1793 692 1834 et
708 1787 792 1834 nobilis
810 1788 928 1845 praesidio
945 1788 987 1834 ad-

131 1853 200 1907 jutus.
212 1867 273 1896 anno
285 1853 341 1896 1186
351 1852 375 1896 in
385 1850 468 1895 Baiorn
478 1852 485 1873 ²
497 1849 620 1895 ecclesiam
630 1852 704 1906 erigit.
715 1866 786 1907 quam
796 1849 826 1896 ab
837 1854 915 1896 erecto
926 1849 987 1896 colle

130 1911 236 1956 Montem
252 1910 276 1957 S.
294 1910 417 1956 Michaelis
435 1910 481 1956 dici
498 1909 578 1956 voluit.
596 1909 644 1956 Piis
662 1912 732 1967 igitur
749 1909 859 1967 operibus
877 1912 986 1965 intentus.

131 1972 289 2018 desinentibus
304 1972 397 2026 viribus,
412 1971 572 2018 molestiarum
586 1987 679 2029 quoque
693 1975 822 2028 pertaesus,
837 1973 911 2018 vitam
924 1977 987 2018 tran-

130 2032 226 2091 quillam
239 2039 262 2079 et
274 2033 303 2079 ab
315 2036 378 2079 omni
390 2033 459 2079 turba
471 2038 585 2079 semotam
597 2033 761 2090 praefecturae
773 2049 830 2079 suae
842 2033 987 2091 praeterens,

130 2095 230 2141 necdum
239 2094 311 2141 abbas
322 2100 478 2149 consecratus,
490 2111 552 2141 anno
562 2097 598 2141 sui
609 2094 682 2141 oflicii
694 2094 784 2141 decimo
794 2099 897 2141 veterem
908 2094 989 2142 nidum

130 2158 221 2213 repetit.
235 2157 262 2214 g)

423 2280 565 2332 szalingus
576 2281 651 2325 abbas
661 2279 695 2324 II.

134 2405 294 2453 Lidlomenses
312 2404 380 2451 huius
398 2404 555 2469 resignatione
574 2401 710 2457 suoporbati
729 2402 856 2460 praelecto.
876 2405 990 2450 accersito

201 2637 312 2680 inungit>

204 2686 347 2722 canonicorum
359 2684 488 2727 regularium·

202 2782 269 2819 babita
279 2791 323 2818 curn
333 2781 373 2818 suis
384 2781 526 2817 deliberatione
537 2780 621 2823 primum
631 2779 660 2816 itii
671 2780 779 2817 Jelrnarum
790 2780 882 2817 abbatem
893 2780 989 2823 designat.

202 2832 279 2887 Veteris
292 2830 352 2867 Vallis
363 2831 455 2866 fundatio
467 2829 487 2865 in
499 2838 572 2866 annum
584 2829 653 2865 incidit
666 2830 719 2872 1182,-

156 2881 179 2972 ld)
204 2880 341 2986 gbllirlid'anno
356 2927 406 2963 1192.

156 2639 176 2680 a)

156 2686 177 2776 dl
200 2733 354 2777 intingatur,-

156 2782 177 2874 r

158 3029 165 3064 l
192 3027 262 3069 Baium
274 3027 296 3064 oi
306 3025 503 3070 Monniken-Bajum,
514 3027 547 3062 ten
559 3024 603 3062 Ζ.Ο.
616 3034 653 3061 van
664 3023 769 3061 Francken
