2121 3546
453 232 482 275 59

41 354 130 401 Horam
142 354 205 398 vitae
218 356 300 398 nactus
314 356 450 406 extremam,
465 353 488 397 in
502 351 602 398 Domino
616 353 720 398 moritur.
736 349 844 397 Cadaver
858 367 900 407 per

40 418 137 463 fratrem
148 414 257 461 abbatem
268 414 296 460 D.
308 414 447 472 Vopkonem
458 414 564 460 defertur
575 416 679 459 maximo
689 414 793 460 omnium
804 412 901 470 planctu

41 484 64 525 et
81 476 170 522 eiulatu
186 477 218 523 ad
234 479 401 522 monasterium
418 478 545 533 proprium.
579 475 704 522 Celebrato
723 492 790 521 sacro
809 474 901 521 funebri

39 537 129 586 tumulo
146 538 252 591 infertur,
270 540 346 595 primo
363 538 527 595 praefecturae
545 555 606 583 anno
624 537 653 583 ab
672 540 723 595 ipso
741 541 827 593 pacato
845 540 900 582 ante

40 604 109 645 aram'
116 596 139 643 S.
151 597 271 644 Laurentii
281 602 305 643 et
316 596 436 655 Stephani,
449 614 511 643 anno
521 597 637 654 redempti
648 597 711 643 orbis
724 599 788 642 1422.

276 723 278 728 '
327 709 442 765 Hesselnn
454 721 529 765 abbas
541 719 611 765 XXI.

41 842 158 889 Postridie
172 841 342 889 Translationis
356 842 379 889 S.
394 842 521 900 Augustini
535 843 563 889 D.
577 842 661 900 Vopko
676 848 744 901 pater
758 842 831 888 abbas
846 859 901 887 con-

41 906 130 951 vocatis
144 905 251 951 omnibus
264 910 319 962 post
332 907 465 952 invocatam
479 904 579 962 Spiritus
595 904 675 951 Sancti
689 907 789 962 gratiam
802 904 856 950 illos
871 904 902 950 ad

41 983 187 1013 communem
217 965 355 1013 electionem
385 967 498 1020 hortatur,
529 970 567 1013 cui
597 972 623 1013 ut
645 969 708 1024 patri
738 966 902 1023 obtemperan-

40 1032 84 1078 tes,
109 1025 139 1071 de
163 1025 330 1072 substituendo
354 1043 417 1072 novo
441 1026 583 1079 conferunt;
608 1036 694 1082 magna
718 1026 847 1072 concordia
871 1026 899 1071 D.

42 1084 173 1139 Hesselum,
207 1084 321 1131 ecclesiae
354 1085 530 1143 Tuytgomanae
563 1090 689 1143 pastorem,
723 1087 781 1142 ipsis
814 1085 902 1142 praefi-

41 1148 112 1190 ciunt.
131 1144 238 1202 Accepta
262 1148 379 1191 communi
403 1144 518 1201 suffragio
543 1145 658 1190 electione
676 1162 690 1190 a
707 1144 816 1202 praefato
834 1149 902 1201 patre

44 1203 128 1250 abbate
141 1204 172 1250 ad
186 1204 266 1250 sedern
279 1206 414 1261 primariam
428 1203 549 1258 deductus,
563 1220 607 1261 pro
620 1221 663 1250 suo
678 1206 729 1261 iure
743 1204 903 1250 confirmatur,

40 1266 66 1312 ln
74 1274 136 1322 pago
145 1264 313 1312 Aesterletens
322 1266 409 1319 ¹natus,
419 1265 511 1312 Lidlom
522 1266 636 1312 deductus
647 1265 752 1312 scholam
762 1265 903 1323 frequentat,

44 1326 117 1371 literis
134 1325 261 1384 proficiens
278 1330 410 1371 cottaneos'
420 1341 474 1371 suos
492 1325 562 1371 facile
578 1327 705 1381 superavit.
722 1324 812 1370 Harum
828 1325 903 1370 indies

44 1388 126 1433 maiori
141 1392 224 1444 captus
240 1386 370 1441 dulcedine.
387 1392 481 1444 sumpta
495 1387 648 1441 haereditate,
665 1387 811 1433 academiam
826 1389 904 1433 invisit

44 1450 138 1495 maioris
152 1449 273 1495 doctrinae
287 1449 455 1506 adipiscendae
468 1451 550 1505 gratia.
565 1448 668 1495 Rediens
683 1466 709 1495 se
723 1465 813 1505 suaque
826 1451 908 1500 omnia,

43 1509 95 1557 zelo
109 1509 193 1567 plenus
208 1511 293 1564 divino,
308 1510 415 1567 religioni
429 1513 573 1557 monasticae
588 1510 688 1556 dedicat
703 1510 791 1557 Virtuti
806 1510 904 1556 studens

44 1575 67 1616 et
85 1572 174 1626 pietati,
194 1569 308 1616 ecclesiae
326 1575 352 1616 ut
370 1586 440 1616 verus
458 1574 540 1627 pastor
558 1570 696 1627 praeficitur
715 1569 903 1623 Berlkomanae;

43 1629 104 1675 hanc
114 1633 140 1675 ut
151 1645 262 1686 sponsam
274 1631 411 1686 suspiciens,
423 1634 537 1686 quantum
548 1632 571 1675 in
583 1631 635 1686 ipso
647 1629 698 1683 fuit,
712 1646 802 1676 summa
814 1634 904 1675 restau-

44 1690 105 1734 ravit
119 1688 241 1735 industria.
272 1687 365 1735 Turrim
379 1693 443 1734 moto
458 1689 594 1742 arundineo,
610 1688 705 1746 lapideo
721 1694 820 1742 exornat
835 1693 905 1743 tecto,

46 1750 187 1794 anteriorem
199 1764 281 1794 sacrae
293 1748 358 1794 aedis
370 1753 462 1805 partem
474 1748 584 1794 fenestris
597 1750 677 1794 vitreis
690 1750 790 1795 caeteris
803 1750 906 1794 eminen-

44 1808 150 1862 tioribus;
162 1810 190 1867 o)
200 1814 287 1856 tectum
297 1810 381 1855 eodem
391 1812 474 1856 sternit
485 1815 582 1856 curvato
593 1809 679 1866 lapide.
691 1809 792 1856 Domum
803 1812 905 1867 pastoris

44 1871 186 1926 primariam,
212 1887 227 1915 a
251 1869 380 1915 venerabili
404 1868 433 1914 D.
458 1868 563 1915 Eelkone
588 1869 673 1915 abbate
698 1874 817 1923 structam,
844 1887 905 1915 novo

46 1933 108 1975 tecto
124 1928 219 1986 lapideo
235 1933 340 1983 renovat,
358 1938 426 1986 agros
442 1934 467 1974 et
484 1929 590 1976 redditus
607 1931 742 1986 pastoritios
760 1928 907 1986 amplificare

47 1992 153 2047 gnaviter
172 1992 264 2047 satagit.
611 2007 613 2010 ·

46 2051 127 2098 Abbas
171 2051 266 2105 electus
312 2050 466 2098 Leovardiam
510 2051 674 2108 proficiscitur,
720 2049 750 2097 ab
795 2052 906 2108 episcopo

44 2110 144 2165 Mathia,
170 2112 260 2157 vicario
286 2110 435 2167 Trajectensi
453 2113 460 2133 ²
479 2112 503 2156 in
521 2126 590 2156 sacra
609 2110 670 2156 aede
695 2110 906 2157 Dominicanorum

45 2173 252 2217 consecrationem
274 2170 376 2227 adeptus
400 2175 437 2215 est
460 2172 512 2227 ipso
536 2170 575 2216 die
592 2169 614 2215 S.
631 2169 745 2216 Andreae
761 2170 873 2227 Apostoli
890 2173 904 2215 ³.

46 2230 223 2284 Monasterium,
239 2229 318 2276 multis
334 2247 364 2275 ex
380 2234 453 2287 peste,
469 2229 538 2283 bello,
555 2229 664 2275 incendio
680 2230 827 2286 caeterisque
843 2228 906 2274 cala·

48 2289 167 2336 mitatibus
184 2291 283 2343 amissis,
300 2291 383 2336 maiori
400 2293 468 2346 parte
485 2288 636 2335 solitudinem
651 2288 776 2335 referebat.
809 2287 908 2334 Videres

48 2351 119 2398 aedes
135 2351 244 2398 incendio
260 2356 390 2409 corruptas,
407 2353 510 2408 parietes
527 2350 617 2397 dirutos
634 2352 759 2409 omniaque
776 2350 837 2396 facie
853 2367 908 2397 con-

48 2418 112 2460 stare
125 2413 229 2467 terribili,
244 2412 316 2470 idque
329 2430 359 2459 ex
373 2412 495 2471 praedicta
509 2412 577 2459 clade
591 2429 678 2467 eorum,
694 2415 734 2470 qui
749 2412 815 2459 fuere
830 2417 908 2458 sectae

47 2475 231 2532 Syardamanae.
244 2475 294 2520 Nec
305 2474 363 2521 Pibo
375 2474 474 2520 Eelxma
486 2477 510 2520 in
523 2473 646 2521 Sexbirom
658 2474 742 2520 nobilis
756 2491 770 2519 a
783 2474 908 2532 tyrannide

49 2535 158 2593 praefata
171 2536 279 2580 immunis
295 2536 379 2580 extitit.
395 2533 470 2580 Huius
485 2536 529 2579 viri
543 2533 622 2580 studio
637 2536 740 2581 anterior
755 2550 811 2591 pars
826 2534 909 2580 domus

49 2597 93 2643 Dei
106 2599 130 2642 in
144 2596 171 2655 b)
183 2595 342 2654 Tiemmarom
354 2600 501 2642 restauratur
515 2601 539 2642 et
551 2612 613 2642 novo
626 2600 689 2642 tecto
702 2597 795 2653 petrino
809 2612 909 2641 exorna·

48 2664 93 2706 tur.
126 2657 237 2705 Codicem
268 2657 429 2715 evangelicum
452 2662 534 2715 utpote
550 2657 699 2714 evangelicus
717 2659 765 2704 suis
782 2657 910 2715 spoliatum

48 2720 140 2767 laminis
164 2721 281 2777 argenteis
304 2719 469 2777 lapidibusque
491 2722 570 2776 magni
592 2721 662 2776 pretii
685 2721 784 2777 pristino
807 2722 909 2766 restituit

72 2854 93 2896 a}
118 2856 221 2896 totumque
234 2853 328 2896 templum
340 2864 393 2891 novo
405 2854 477 2890 sternit
488 2854 602 2897 pavimento
609 2865 617 2896 ,·
684 2853 705 2895 b)
731 2853 883 2897 Tzommarom;

76 2954 83 2989 l
113 2954 261 2996 Oostcrlittens,
274 2953 366 2990 tusscben
379 2953 476 2994 Rauwerd
489 2965 514 2990 en
526 2953 631 2989 Francker.

75 3002 86 3037 2
114 3001 244 3044 Wijbisschop
263 3011 300 3037 vau
319 3000 406 3045 Utrecht‚
425 3004 532 3044 gestorven
552 3000 602 3037 1427.
633 3001 677 3044 Vgl.
697 3000 764 3038 Nieuw
784 3000 908 3044 Biografisch

113 3048 275 3093 dek.,11314.
309 3073 311 3075 v
505 3049 517 3085 3
544 3049 567 3086 30
578 3047 695 3086 November.
