2121 3546
469 238 483 282 5

48 374 115 419 cessa
127 374 141 404 a
152 356 181 404 D.
193 356 318 405 Frederico
329 359 399 404 venia
411 358 439 416 α)
446 356 534 413 abiens,
547 360 646 415 ipsemet
658 356 783 415 collegium
795 361 860 404 creat
872 358 905 403 vi-

47 436 126 468 rorum
138 417 257 465 Christum
268 420 415 465 imitantium.

48 482 84 528 Ex
93 479 162 527 huius
172 495 240 526 sacra
249 482 429 536 congregatione
440 479 577 527 fundatores
587 480 676 528 ordinis
687 480 905 527 Praemonstraten·

49 544 80 588 sis
93 541 117 585 in
130 537 236 585 Doclrum
248 539 279 586 ad
293 537 316 598 S
330 538 483 594 Bonifacinm,
497 539 648 598 eiusdemque
662 539 750 587 ordinis
765 542 906 586 excitatores

48 605 72 648 in
91 598 274 656 Translavicana
293 604 357 647 terra
376 600 470 647 ditionis
489 599 661 659 Groninganae,
682 600 784 648 Merna²
812 600 905 655 dictum,

48 663 99 709 loco
109 662 168 707 mari
178 663 292 720 contiguo,
304 663 410 708 extitere.

49 722 143 770 structa
152 738 213 768 nova
222 722 281 769 aede
290 738 358 769 sacra
367 722 501 781 additisque
511 722 608 771 aedibus
617 725 723 782 receptui
733 722 861 770 commodis
872 722 906 781 b),

49 782 166 839 religionis
192 781 349 830 sollicitudine
374 785 447 840 magis
473 800 592 838 accensus,
611 789 732 842 assumpto
749 786 829 842 priore
846 800 907 830 novo

48 842 147 897 Alardo,
162 841 264 890 Takonis
279 847 392 892 nominati
406 845 486 899 fratre,
502 843 666 892 Steinfeldiam
681 845 775 893 ditionis
790 844 907 891 Eillianae

49 909 167 963 properat.
177 904 213 951 Re
223 921 276 952 cum
286 905 376 959 abbate.
387 911 443 953 tunc
452 909 564 963 temporis
575 909 716 964 praeposito,
728 909 906 960 cummunicata,

50 966 143 1022 abipso
156 982 309 1025 quaecunque
322 966 410 1013 ordinis
422 970 529 1014 instituta
542 970 652 1024 impetrat
664 985 668 1022 ;
690 984 801 1014 concesso
815 985 845 1014 ex
859 970 907 1014 suis

49 1028 128 1085 priore
141 1025 282 1082 Hermanno.
299 1026 397 1075 Colonia
412 1028 506 1075 domum
520 1028 596 1075 rediit.

49 1087 207 1134 Accrescente
219 1090 242 1133 in
255 1088 305 1135 dies
318 1091 420 1136 virorum
433 1089 633 1147 faeminarumque
645 1089 794 1137 multitudine
808 1095 831 1136 et
844 1089 908 1148 quod

50 1152 114 1198 locus
128 1167 171 1210 pro
184 1153 297 1209 temporis
310 1153 401 1197 ratione
415 1153 472 1197 satis
486 1155 598 1208 angustus
613 1151 680 1205 foret,
695 1153 819 1208 minusque
831 1155 908 1198 tutum

50 1218 174 1270 utrumque
191 1229 275 1259 sexum
291 1211 398 1258 hahitare
415 1211 490 1266 simul,
508 1228 538 1258 ne
555 1229 593 1258 res
610 1217 659 1259 tam
676 1214 716 1269 pia
733 1217 757 1259 et
775 1212 849 1260 ardua
867 1217 908 1259 aut

48 1273 167 1320 Sathanae
176 1276 287 1320 instinctu
295 1290 468 1331 pravorumque
476 1272 595 1319 hominum
604 1272 721 1320 calumnia
729 1290 772 1320 suo
782 1273 908 1331 splendore

50 1336 206 1390 fraudaretur,
222 1334 300 1381 locum
314 1334 487 1382 exaedificandi
502 1336 595 1381 sanctis
605 1334 731 1391 virginibus
747 1334 909 1381 coenobiolum

50 1400 195 1454 impetratio
208 1396 329 1443 Bethleem
338 1398 353 1451 ²,
366 1412 413 1455 quo
425 1401 504 1443 erecto
516 1395 570 1442 illas
583 1398 695 1453 evestigio
708 1395 776 1442 simul
789 1397 908 1443 transfert.

49 1458 131 1505 Precio
146 1458 267 1504 conductis
283 1460 339 1504 viris
355 1457 436 1511 doctis,
453 1459 498 1515 piis
513 1462 537 1504 et
552 1456 663 1512 honestis,
679 1456 733 1504 illas
749 1460 773 1503 in
788 1457 907 1515 religione,

51 1519 157 1566 doctrina
174 1524 292 1577 cantuque
309 1518 469 1566 ecclesiastico
486 1519 574 1566 erudiri
592 1520 618 1577 c)
635 1521 741 1576 gnaviter
759 1524 832 1566 curat.
866 1518 908 1565 His

49 1582 143 1638 pietatis
156 1580 265 1638 operibus
278 1582 330 1638 pius
343 1585 410 1638 pater
423 1582 533 1635 intentus,
546 1596 609 1627 anno
622 1596 679 1627 suae
691 1580 855 1638 praefecturae
869 1581 909 1627 de-

51 1644 111 1688 cimo
122 1647 206 1700 quarto
218 1642 375 1699 aegritudines
387 1640 499 1689 molestas
510 1644 619 1700 vitaeque
631 1641 704 1688 finem
715 1644 826 1697 sentiens,
839 1641 910 1689 Beth·

51 1702 126 1749 leemo
144 1703 238 1749 domum
255 1703 355 1758 rediens,
373 1719 441 1755 sacro
458 1705 482 1749 in
500 1701 596 1750 Hallom
612 1701 737 1757 celebrato,
755 1705 779 1749 in
797 1706 849 1761 ipso
867 1718 909 1750 suo

50 1763 187 1811 coenobiolo
215 1764 378 1822 praesentibus
408 1764 514 1811 omnihus
536 1764 598 1811 diem
612 1764 701 1812 claudit
715 1770 852 1812 extremum.
883 1764 910 1811 ln

52 1825 165 1879 aedicula,
183 1825 212 1872 ab
228 1828 280 1883 ipso
297 1831 423 1880 exstructa,
440 1828 588 1873 eminentiori
612 1824 757 1884 sarcophago
782 1825 909 1874 tumulatus

52 1888 150 1945 quiescit
161 1903 223 1933 anno
233 1886 327 1934 Domini
340 1890 403 1934 1175.
413 1889 421 1911 ³

380 2013 445 2057 hluto
458 2012 533 2057 abbas
545 2011 578 2055 11.

51 2134 172 2182 Friderico
187 2133 357 2181 coenobiarcha
373 2135 448 2191 primo
466 2132 583 2186 defuncto.
601 2134 717 2179 communi
734 2133 834 2180 fratrum
850 2132 911 2180 elec·

51 2199 116 2243 tione
127 2196 245 2243 sufficitur
256 2195 284 2242 D,
297 2194 358 2242 Ento
370 2195 378 2218 ⁴
390 2194 463 2242 abbas
476 2194 599 2242 secundus¹

42 2257 97 2304 >Hic
114 2274 205 2305 summa
221 2274 274 2304 cum
291 2256 362 2304 laude
386 2258 453 2303 annis
478 2260 532 2303 octo
556 2255 665 2313 praefuit
699 2255 838 2314 Ampliandi
862 2273 910 2303 mo·

52 2321 150 2366 nasterii
171 2318 320 2377 percupidus,
343 2317 383 2365 ubi
405 2317 469 2364 videt
491 2317 653 2374 religiosorum
674 2334 803 2372 numerum,
826 2318 912 2364 ardore

54 2379 151 2427 coelesti
167 2396 298 2434 accensum,
315 2382 339 2425 in
357 2379 407 2426 dies
424 2395 536 2433 crescere,
562 2380 622 2425 sicut
647 2377 712 2425 locus
736 2381 816 2436 parvis
841 2380 912 2425 initiis

77 2615 98 2658 a)
123 2615 171 2653 abiit
182 2617 203 2652 et
214 2624 239 2652 ex
251 2615 334 2658 proprio
345 2614 432 2658 collegio
444 2623 456 2651 a
467 2623 489 2651 se
501 2615 568 2650 creato
581 2614 620 2651 duo
633 2613 671 2651 alia
683 2614 813 2651 instituuntur
825 2614 912 2651 eiusdem

52 2664 128 2702 ordinis
139 2664 266 2707 monasteria,
278 2663 370 2701 nnumin
383 2665 436 2700 terra
448 2662 592 2700 translavicana
605 2661 681 2706 Mesua,
693 2662 777 2700 atterum
789 2663 810 2700 in
823 2664 912 2701 Doctum

54 2715 79 2752 ad
88 2714 107 2751 S.
117 2713 246 2751 Bonifacium.

78 2762 100 2804 b)
124 2762 176 2799 add:
189 2762 216 2799 sic
229 2763 250 2799 nt
261 2761 391 2805 plurimorum
404 2763 470 2798 essent
482 2762 569 2804 capaces.

78 2810 98 2853 c)
123 2811 156 2848 Hs.
167 2809 260 2857 erudidirl
266 2821 274 2854 ,-

80 2911 94 2946 1.
119 2908 149 2946 De
162 2908 238 2954 Matre,
253 2907 275 2946 N.
290 2908 319 2947 W.
334 2919 371 2946 van
386 2908 411 2946 de
425 2917 480 2952 prov.
495 2906 618 2952 crocingen,

78 2958 90 2996 2
115 2957 235 3002 Bethlehem,
248 2957 293 2995 Ζ.Ο.
306 2968 343 2996 van
357 2956 458 3003 Oudkerk‚
471 2960 505 2995 ten
518 2956 566 2995 No.
579 2967 617 2994 van
631 2955 767 2995 Leeuwarden.

79 3007 91 3044 3
114 3005 208 3051 anam,
218 3006 249 3044 zie
260 3005 321 3044 Gesta
332 3016 350 3051 p.
361 3006 390 3043 54.
735 3008 738 3012 ’

78 3057 90 3093 t
114 3055 144 3093 De
159 3054 220 3093 Gesta
235 3054 325 3093 hebben:
347 3055 427 3093 lntetus.
454 3068 456 3070 ·
