2121 3546
538 203 567 246 44

123 324 210 379 iniecit.
222 322 260 368 Ab
272 325 324 380 ipsa
334 325 510 370 consecratione
522 324 549 383 n)
560 324 676 371 conducto
687 326 744 370 artis
757 341 862 371 summae
873 325 982 379 murario.

123 384 205 441 templi
216 387 287 431 totius
299 385 429 431 testudines
441 402 472 431 ex
484 385 563 442 lapide
575 385 651 436 solido
663 385 753 440 obduci.
766 388 879 444 variaque
891 388 983 444 pictura

124 451 175 491 arte
194 446 313 492 Laurentii
332 449 438 492 conversi
458 449 583 493 incrustari
602 449 699 493 curavit.
734 446 849 494 Tabulam
868 447 983 494 industria

123 507 242 554 Laurentii
253 507 371 564 sculptam
381 513 452 566 atque
462 510 596 555 inauratam
606 525 696 555 summo
707 511 805 566 imponit
817 508 893 564 altari.
905 511 983 555 varias

125 569 210 615 exinde
225 569 296 615 aedes
311 571 334 615 in
350 586 418 615 usum
432 572 466 615 rei
481 573 628 624 monastices,
645 573 767 627 pistrinam
782 587 872 627 nempe.
889 571 982 625 molam¹
1053 597 1055 599 ·

126 629 245 686 hospitum
255 629 385 687 disiunctas
398 630 469 676 aedes
481 633 571 687 magnis
582 633 692 689 expensis
705 633 786 677 erexit.

125 690 151 736 ln
163 701 224 748 pago
235 690 308 738 Tzum
323 692 468 748 [Tzumgum]
484 693 603 750 quoddam
614 693 776 739 coenobiolum
788 693 884 739 Medom
897 693 984 740 dictum

124 753 212 798 ordinis
224 752 252 798 D.
265 753 356 799 Mariae
368 752 526 811 Magdalenae
538 755 552 808 ².
565 772 595 801 ex
607 754 695 801 diluvio
707 755 816 812 praelato
827 755 860 801 ad
870 771 985 802 summam

125 814 246 860 redactum
258 818 367 872 inopiam.
380 818 428 861 suis
440 815 504 862 haud
515 819 594 862 vivere
606 819 682 873 potuit
694 816 832 869 redditibus;
847 819 908 873 agris
921 817 984 863 truc-

124 879 174 921 tum
182 874 211 921 ob
220 877 291 921 maris
300 880 419 933 receptam
428 876 570 923 salsedinem
578 876 722 934 negantibus,
733 893 818 934 pecore
827 879 890 923 omni
899 876 983 931 deleto,

125 939 213 994 campis
228 942 252 982 et
266 939 359 993 pascuis
375 940 479 993 gramine
493 938 572 991 calvis.
588 955 660 995 opere
674 940 795 984 manuario
810 943 935 995 quaestum
949 938 985 984 ta-

125 1001 214 1044 cientes
231 1015 323 1044 sorores
340 998 490 1056 implicantur
507 999 651 1046 secularibus
668 1002 737 1054 curis,
755 999 839 1058 quibus
857 1000 985 1047 distractae

127 1058 215 1103 ordinis
231 1060 333 1114 rigorem
348 1075 444 1115 prorsus
461 1061 595 1106 amiserunt.
612 1059 699 1106 Missus
716 1060 745 1105 ab
762 1062 873 1117 episcopo
889 1060 985 1117 Traiec-

125 1122 186 1165 tensi
200 1119 345 1175 Fredericus,
359 1123 394 1166 vir
408 1121 497 1176 doctus,
511 1121 553 1167 has
567 1121 705 1168 recollectas
718 1122 750 1167 ad
762 1125 847 1168 mentis
861 1125 986 1168 sanitatem

125 1181 261 1239 ordinisque
273 1181 410 1238 religionem
421 1199 515 1229 rursum
527 1182 715 1240 amplectendam
728 1183 841 1230 hortatur.
856 1182 900 1230 Hic
913 1183 985 1230 Prae-

126 1249 305 1292 monstratensis
322 1246 410 1291 ordinis
428 1245 530 1291 candore
547 1244 684 1298 delectatus,
703 1261 797 1291 suarum
814 1262 870 1291 usus
887 1244 985 1291 consilio

126 1306 228 1364 Ulpium,
243 1323 272 1353 eo
286 1306 398 1352 defuncto
413 1305 524 1352 ldzonem
538 1305 647 1352 abbatem
661 1305 757 1360 accedit.
774 1322 869 1352 suarum
883 1308 986 1352 omnium

126 1385 207 1414 curam
224 1373 247 1414 et
263 1368 361 1414 tutelam
378 1384 430 1414 cum
447 1367 543 1425 reliquis
560 1369 696 1413 monasterii
713 1367 779 1412 bonis
796 1369 820 1412 in
838 1384 863 1413 se
880 1369 985 1424 recipiat,

126 1432 243 1487 impetrat.
255 1429 326 1476 Anno
336 1431 406 1486 igitur
419 1432 476 1475 1289
487 1433 563 1475 totum
573 1427 632 1475 illud
643 1427 767 1485 collegium
778 1430 948 1486 quinquaginta
959 1429 987 1487 b}

127 1494 230 1549 quinque
249 1490 424 1537 coenobitarum
442 1492 528 1547 partim
547 1490 635 1544 Baiom,
654 1492 741 1547 partim
758 1489 851 1536 Lidlom
868 1492 984 1547 migrant;

127 1552 268 1609 temporalia
281 1551 342 1597 bona
357 1551 386 1597 ab
400 1556 499 1607 utroque
513 1553 655 1596 monasterio
669 1553 855 1607 incorporantur,

128 1612 179 1658 Viri
204 1611 297 1658 ldzonis
322 1616 428 1669 ternpore
452 1614 540 1668 pietate
565 1613 667 1667 insignes
693 1612 792 1656 extitere
817 1610 845 1656 D.
859 1611 885 1670 c)
911 1610 985 1665 Doko.

129 1673 211 1718 Baiom
246 1672 365 1726 oriundus
401 1677 425 1717 et
450 1671 503 1718 huic
539 1673 674 1729 synonimus
711 1670 779 1717 Dolo
816 1670 920 1728 Sellinga
957 1672 987 1717 de

129 1732 310 1779 Nlinderskerlra
341 1734 356 1786 ²,
403 1734 500 1789 priores,
547 1736 649 1789 uterque
693 1741 779 1788 genere
825 1731 909 1778 nobilis
957 1749 987 1778 ex

129 1792 210 1839 Eckna
236 1796 243 1817 ³
269 1798 292 1838 et
318 1792 422 1849 Sellinga
448 1794 462 1846 4.
489 1791 635 1849 Liudulphus
665 1791 749 1848 [Lollo]
779 1795 844 1849 prior
870 1809 900 1838 ex
926 1802 987 1849 pago

129 1854 240 1910 Aeniom.
267 1855 274 1876 ⁵
300 1852 336 1899 Ex
361 1852 429 1899 huius
455 1854 528 1910 stirpe
554 1852 692 1899 fundatores
719 1855 825 1898 oriuntur
852 1854 988 1899 monasterii

129 1917 152 1960 in
177 1914 206 1972 d)
231 1914 345 1971 Aenyom,
372 1930 434 1959 anno
461 1916 517 1959 1256
543 1915 670 1959 autoritate
694 1915 796 1971 pastoris
823 1912 937 1959 ecclesiae
963 1914 989 1971 e)

129 1973 249 2027 Vibrandi,
273 1975 368 2019 summis
390 1973 477 2019 viribus
500 1989 569 2030 opem
591 1973 682 2019 terente
704 1972 731 2018 D.
755 1971 842 2019 Sibodo
865 1972 895 2018 de
916 1972 987 2030 Epin-

129 2034 218 2092 gahuys
230 2037 244 2089 ⁶,
256 2033 409 2091 szummone
420 2039 443 2080 et
454 2032 570 2080 Sibrando
582 2033 700 2088 tratribus,
712 2038 812 2090 cognata
823 2033 906 2080 horum
917 2032 989 2080 Eebel

129 2095 271 2154 Sellingat).
291 2095 336 2141 Hic
355 2095 396 2141 ille
415 2094 560 2153 liudulphus
580 2094 708 2141 venerabili
728 2096 816 2141 canicie
837 2095 990 2153 doctrinaque

130 2157 214 2211 clarus,
225 2156 288 2214 Hoyt
289 2160 339 2203 etit
330 2162 435 2214 tempore
443 2174 486 2214 pro
496 2156 599 2215 acolythi
608 2156 682 2214 gradu
691 2156 815 2203 decoratus
824 2173 877 2203 cum
885 2156 988 2215 reliquis.

154 2285 174 2326 a)
198 2293 273 2327 magno
286 2283 351 2326 pretio
364 2282 456 2319 conduct
450 2291 467 2317 1s
442 2280 596 2317 tarclrilabn's
610 2279 714 2322 murarils;

154 2334 175 2424 ii
199 2334 268 2420 iiiiii
283 2381 354 2418 Tianla
367 2390 391 2416 ex
406 2380 480 2422 Baiom,
495 2378 567 2421 Eclrna
581 2378 651 2415 Docto
664 2377 753 2421 Selllnga
767 2377 792 2414 de
806 2377 952 2421 Minuerslerm

155 2431 176 2473 11)
200 2430 298 2472 Α31110111;

155 2481 174 2571 εἰ
199 2481 257 2516 add:
276 2480 297 2515 111
310 2479 400 2564 Aenuom

198 2530 250 2566 add:
262 2528 404 2574 monasterium
417 2527 526 2570 predictum
540 2527 660 2562 memoratur
673 2519 778 2561 11111ᾶᾶ11113
791 2527 811 2561 et
824 2527 920 2568 erectum,-

159 2592 166 2626 1
193 2589 293 2633 8311131111,
303 2588 393 2625 klooster
403 2597 440 2623 van
450 2586 468 2623 S.
478 2586 542 2623 Maria
552 2585 884 2629 1133331333-3113131311113131113
894 2586 920 2629 bij
930 2585 990 2623 Tzum

192 2643 225 2676 ten
238 2639 282 2675 ΖΟ.
296 2648 333 2675 van
346 2637 450 2673 Francken

156 2689 167 2725 2
192 2687 304 2730 Minuertgs
306 2696 322 2731 3,
336 2685 383 2723 ΝΜΟ
396 2695 434 2721 van
447 2683 584 2721 Lceuwarden.

157 2738 168 2772 3
193 2735 317 2773 Oostlriesch
326 2734 421 2777 gestacht.
430 2733 474 2776 Vgl.
484 2732 505 2769 Ε
515 2731 658 2776 1113113311331,
669 2731 818 2769 Ostfriesisches
828 2710 992 2776 Urlmndenbuch,

192 2783 336 2827 Ε1111131111,881
348 2781 384 2818 Νο
396 2781 437 2826 751,
449 2781 490 2825 952,
503 2780 554 2817 1321.

157 2835 168 2870 4
193 2832 292 2877 1333133111,
306 2812 340 2868 da’t
332 2834 386 2868 t.ws
400 2831 438 2874 31111
453 2840 510 2867 naam
524 2832 560 2867 on
552 2830 614 2866 leen
628 2839 664 2865 aaa
679 2828 713 2865 het
726 2828 777 2872 dorp
792 2826 884 2873 Sellinge,
898 2831 932 2866 ten
946 2828 990 2866 Z.O.

193 2891 229 2917 van
242 2880 375 2917 Winscltoten.

156 2930 167 2967 5
193 2925 609 2972 31113111311311311111(Μεη311111111311331),
622 2925 669 2962 N..O
683 2935 719 2962 van
733 2924 837 2961 Francken.

157 2981 169 3017 6
193 2979 299 3034 Misschten
310 2977 450 3022 Eppenhnizen
462 2976 484 3013 of
494 2975 662 3020 Eppingehuizen
675 2978 708 3012 ten
720 2974 766 3011 Ν.Ο,
779 2985 796 3011 v.
808 2974 895 3013 llantens
907 2975 926 3011 111
938 2974 992 3011 Hun-

193 3037 257 3070 ungo.
