2121 3546
459 179 489 256 re

42 333 157 388 tuit‚unde
166 337 189 379 in
198 334 297 386 fratrum
306 332 405 390 collegio
413 351 428 380 α
428 333 517 391 )crebri
526 332 719 390 gemitusmultus
729 348 850 379 sacrarum
857 333 903 377 vir·

32 398 123 453 ginum
134 394 249 451 planctus,
263 410 366 440 summus
379 396 482 440 omnium
494 396 565 440 totius
578 394 668 439 Frisiae
680 396 773 451 piorum
785 392 904 438 hominum

44 456 118 503 dolor.
136 454 264 512 Etelgerus
284 458 334 501 eius
351 458 450 501 nominis
469 455 585 514 secundus
603 460 671 512 pater
689 454 761 500 abbas
780 453 902 506 accedens.

44 517 152 563 adductis
165 519 188 561 in
200 516 303 562 medium
315 515 443 563 rationibus
456 515 535 562 multis
549 516 660 569 dolorem,
675 516 864 574 b)qua11tumin
877 531 903 560 se

44 579 93 630 fuit.
104 579 218 633 mitigavit
230 594 234 622 :
252 578 357 633 ipsorum
365 576 534 622 homicidarum
543 577 631 622 factum
641 579 698 633 ipsis
708 575 772 622 haud
781 592 852 633 posse
861 577 903 620 im·

43 640 128 696 putari,
143 640 207 695 ipsos
222 654 265 694 pro
279 640 362 684 merito
377 637 474 684 flamma
488 643 584 684 exustos
599 654 654 684 suas
669 638 741 684 luisse
756 653 852 694 paenas.
868 635 904 682 De

43 716 103 746 novo
114 698 277 745 substituendo
288 699 372 745 abbate
382 702 501 745 mentione
510 698 590 745 habita
601 709 671 756 aegre
682 699 809 746 admodum
819 714 902 744 conve·

43 764 119 814 niunt;
131 760 223 807 collatis
234 763 257 806 in
268 761 371 807 medium
381 761 508 818 suffragiis,
520 763 629 807 invocata
640 763 701 807 sacri
713 760 815 807 flaminis
827 761 903 817 gratia

43 822 70 867 D.
83 821 176 878 Kampo
187 821 260 867 abbas
272 821 412 868 declaratur.
424 822 463 868 Ab
476 821 571 878 Jelgero
583 821 668 868 abbate
680 821 833 867 confirmatus
845 818 903 865 Tra·

44 886 131 940 jectum
146 883 303 939 proficiscitur
318 886 518 929 consecrationem
533 888 654 940 expetens.
671 883 778 929 Summas
794 882 830 928 illi
845 880 902 926 Tra-

44 946 154 1002 jectensis
167 944 196 990 ob
208 943 357 991 homicidium
369 947 513 1002 iniquissime
525 949 686 1002 perpetratum
698 949 762 989 creat
775 943 902 996 molestias,

43 1006 163 1062 indignum
170 1010 239 1051 ratus
250 1007 353 1052 nefarios
365 1008 422 1052 istos
434 1005 562 1052 nebulones
574 1005 658 1052 abbate
670 1005 816 1062 collegioque
827 1004 902 1061 indig-

43 1084 92 1120 nos¹
106 1068 209 1113 criminis
222 1068 321 1113 inauditi
334 1083 387 1113 reos
401 1070 484 1113 merito
498 1067 592 1121 honore.
607 1066 690 1124 opibus
704 1069 814 1124 omnique
828 1067 902 1123 digni·

39 1133 88 1174 tate
97 1128 182 1178 debere
190 1130 284 1185 privari.
295 1128 339 1174 Hic
347 1131 479 1174 econtrario
487 1144 580 1175 rursum
588 1128 717 1174 homicidas
725 1127 903 1185 parricidasque

43 1206 97 1236 suas
109 1189 180 1236 luisse
191 1206 286 1247 poenas,
298 1189 401 1247 reliquos
412 1206 468 1236 vero
479 1192 593 1244 innoxios,
605 1192 646 1235 vix
657 1199 788 1247 magnaque
799 1189 905 1236 difficul··

43 1256 93 1297 tate
105 1253 305 1297 consecrationem
318 1254 435 1308 impetrat.

43 1311 146 1373 Rediens
158 1311 249 1357 illatam
261 1314 344 1368 pietati
355 1311 464 1358 nebulam
477 1328 520 1368 sua
532 1311 658 1369 prudentia
670 1311 806 1368 ordinisque
818 1313 901 1368 rigore,

43 1373 143 1418 fratrum
164 1388 257 1429 quoque
279 1377 373 1418 servata
387 1371 521 1418 obedientia
536 1372 637 1418 discutit.
652 1373 679 1429 c)
692 1371 731 1417 Ab
745 1373 802 1428 ipsis
818 1388 902 1428 nempe

43 1431 164 1479 cunabulis
180 1432 231 1478 zelo
246 1432 291 1477 Dei
305 1449 418 1478 accensus
434 1435 647 1489 monasteriumque
670 1435 795 1489 ingressus.
819 1433 902 1489 pietati

44 1493 164 1549 literisque
179 1492 268 1538 studuit
282 1495 394 1549 gnaviter.
409 1492 445 1538 Ex
460 1492 576 1549 Weydom
591 1494 599 1515 ¹
614 1492 733 1546 oriundus,
750 1491 864 1538 ecclesiae
878 1494 902 1536 in

43 1553 172 1599 Aesterzee
182 1555 190 1576 ²
200 1552 343 1609 praeficitur.
355 1552 416 1598 Hinc
426 1552 498 1599 abbas
509 1553 651 1609 designatus,
663 1552 798 1599 felicissimo
809 1554 902 1608 ingenio

44 1614 94 1659 fata
110 1613 200 1670 perfert
216 1613 343 1659 admodum
360 1613 470 1667 infelicia
488 1615 548 1659 sicut
565 1630 646 1659 omnes
664 1630 721 1659 suae
738 1613 903 1670 praefecturae

43 1690 125 1719 cursus
137 1690 214 1719 merus
227 1673 293 1718 labor
305 1690 333 1719 ac
346 1673 413 1719 dolor
426 1676 544 1719 existeret.

44 1733 152 1779 Secundo
180 1734 299 1790 dignitatis
327 1750 388 1779 anno
416 1734 482 1779 aedis
510 1750 592 1779 sacrae
620 1735 763 1790 reparationi
791 1735 901 1780 insistens

44 1794 74 1840 ad
108 1796 234 1840 instantem
267 1793 357 1851 hyemis
392 1796 514 1850 proximae
548 1796 713 1840 necessitatem
748 1793 903 1839 arundineum

43 1859 130 1900 tectum
148 1854 223 1900 ubivis
242 1853 325 1908 reficit,
345 1856 428 1900 turrim
446 1854 509 1910 ligno
528 1853 629 1911 levigato
648 1858 747 1900 stratam
765 1858 832 1899 cocta
851 1855 903 1910 pice

43 1915 131 1961 oblinit.
145 1915 254 1973 Operarii
265 1932 321 1961 vero
334 1915 364 1961 de
376 1917 429 1971 igne
442 1917 545 1961 extincto
558 1917 634 1961 securi
646 1915 675 1973 d)
688 1915 840 1962 descendunt.
854 1914 902 1961 Sub

42 1978 117 2022 noctis
128 1976 231 2022 medium
241 1992 272 2021 ex
283 1975 365 2022 favilla
376 1975 499 2022 sublucida
509 1978 533 2021 in
544 1978 604 2023 turri
614 1975 697 2022 relicta
708 1980 832 2022 ventorum
843 1975 904 2021 flatu

43 2037 158 2094 lignisque
177 2036 293 2083 subaridis
313 2039 426 2094 proximis
445 2039 544 2094 piceque
563 2037 656 2083 infectis
676 2038 787 2083 excitata
799 2037 902 2091 flamma,

43 2101 126 2145 turrim
137 2100 235 2156 sumptis
247 2098 361 2156 paulatim
372 2098 459 2145 viribus
471 2101 592 2152 consumit,
605 2098 659 2144 hinc
672 2098 768 2145 flamma
780 2100 903 2145 voracissi-

43 2177 81 2206 ma
90 2159 207 2217 reliquum
215 2164 302 2206 tectum
311 2176 386 2214 omne.
398 2162 457 2206 sicut
467 2177 497 2206 ex
507 2162 598 2216 integro
608 2162 743 2207 monasterii
753 2160 902 2217 quadrangu-

43 2222 88 2267 lari
112 2222 221 2268 aedificio
245 2226 345 2279 excepto
369 2223 535 2267 canonicorum
552 2222 694 2276 dormitorio,
712 2221 829 2279 reliquum
845 2221 903 2267 nihil

43 2283 192 2340 superfuerit,
207 2282 270 2340 quod
284 2299 330 2328 non
344 2285 397 2339 igne
411 2287 561 2328 cremaretur.
576 2282 637 2328 Novi
651 2282 705 2329 hinc
719 2282 834 2341 planctus.
849 2285 904 2329 novi

45 2347 151 2391 oriuntur
168 2346 273 2401 gemitus.
290 2344 407 2390 Damnum
423 2343 482 2390 illud
499 2360 571 2401 quum
587 2343 706 2391 videretur
722 2343 829 2402 plurimis
846 2347 903 2390 irre·

43 2406 155 2464 parabile,
169 2406 255 2452 multos
269 2408 362 2452 omnino
376 2422 503 2464 suspensos
516 2408 598 2452 tenuit.

43 2466 124 2513 Abbas
157 2466 236 2513 habito
269 2483 322 2513 cum
355 2468 403 2513 suis
436 2469 654 2524 communicatoque
687 2467 784 2514 consilio
818 2484 903 2514 novam

43 2530 239 2574 restaurationem
273 2527 405 2573 meditatur.
460 2526 584 2574 Accedunt
618 2532 742 2585 praeterea
777 2528 904 2575 multorum

43 2590 165 2645 utriusque
194 2604 265 2633 sexus
295 2592 319 2634 et
348 2587 468 2644 dignitatis
497 2586 617 2634 hominum
647 2587 727 2645 largae
758 2588 903 2635 donationes.

43 2649 93 2694 Nec
119 2647 261 2705 quibuslibet
288 2647 392 2694 trabibus
420 2653 443 2695 et
470 2647 538 2705 lignis
565 2665 624 2706 opus
651 2647 710 2695 illud
738 2649 827 2706 grande
854 2666 903 2695 res·

43 2710 133 2755 taurari
172 2710 254 2766 potuit.
306 2708 397 2765 Ingenti
437 2707 553 2765 lignorum
593 2708 716 2766 grandium
756 2708 903 2768 trabiumque

43 2769 170 2816 multorum
186 2768 274 2826 pedum
291 2768 436 2825 longitudine
453 2770 543 2826 magnis
561 2768 692 2826 sumptibus
710 2775 847 2827 comparata
865 2787 903 2817 co·

68 2893 89 2935 a)
114 2893 156 2929 Hs:
170 2892 264 2935 collegia
498 2892 519 2934 b)
544 2893 596 2929 add:
609 2892 671 2936 longa
684 2894 784 2937 oratione·

44 2961 46 2963 v
67 2941 87 2983 c)
112 2940 347 2984 om.:Ab—gnavr‘ter;
498 2941 519 2983 d}
544 2942 586 2978 Hs:
599 2950 676 2986 secure;

69 3041 77 3076 1
103 3038 199 3083 Weidum,
214 3037 264 3075 Z.W.
279 3049 317 3076 van
332 3038 469 3080 Leeuwarden.
533 3040 545 3077 2
570 3039 900 3086 Oosterzee,N.O.vanLemmer.
