2121 3546
487 242 516 287 67

71 367 123 422 ipso
133 362 219 409 abbate
230 365 315 410 misero
327 368 351 410 et
361 363 510 421 plorabundo
521 364 666 411 auferuntur.
679 365 740 411 Navi
752 365 845 422 injectis
858 365 931 411 omni·

70 426 113 472 bus
123 427 202 481 opima
212 425 302 482 praeda
312 428 390 472 onusti
399 426 506 472 redeunt.
518 425 598 483 Ipsum
609 427 717 473 abbatem
728 429 831 473 vinctum
842 429 931 472 carceri

70 483 198 538 includunt,
215 487 305 541 integro
321 485 395 531 terme
411 487 466 531 anni
482 487 559 543 spatio
574 487 677 532 vinctum
693 491 795 532 servant,

71 544 162 590 Claruit
193 543 237 590 hoe
261 549 367 601 tempore
391 547 469 601 magni
501 547 600 591 nominis
633 545 693 591 Vibo
727 546 754 603 α)
786 544 931 591 Groustins1

68 605 92 648 in
128 602 227 661 Englom
263 605 278 656 ²,
316 605 352 648 vir
388 612 489 659 magnae
526 606 621 650 virtutis
651 610 684 650 'et
722 605 845 650 audaciae.
884 604 929 650 Hic

70 680 85 709 a
118 664 254 708 monasterii
287 662 448 709 sacerdotibus
483 680 527 720 pro
562 663 665 710 subsidio
700 664 848 721 impetrando
884 663 930 710 sol·

70 722 145 767 licitat
110 726 179 775 tat,us
220 724 297 768 missis
337 721 411 774 literis
452 723 532 768 scribit
572 722 659 769 Joanni
699 724 728 769 ab
770 725 841 769 armis
882 740 930 769 mo·
952 731 954 734 “

46 820 47 825 ,
70 783 173 827 nasterio
194 781 323 827 inferendis
343 785 369 828 ut
390 782 513 837 abstineat,
497 784 611 839 tipsum
633 774 741 829 abbatem
762 782 862 829 liberum
883 785 931 829 suis

70 842 186 894 restituat,
198 840 295 914 quod'
273 857 297 886 ιιι
309 841 387 895 faciat,
400 844 526 899 apertum'
520 858 566 899 rpsr
560 841 665 888 'bellum
678 842 765 888 dictum
778 844 843 888 sciat
858 841 931 887 Joan·

71 919 112 948 nes
125 905 272 949 cunctantius
286 912 358 959 agens
370 920 420 949 rem
432 920 525 949 omnem
538 921 568 949 ex
581 920 623 950 suo
637 904 733 950 arbitrio
747 904 835 950 differt
849 903 931 950 Vibius

71 963 171 1009 collecta
189 963 288 1010 militum
307 964 513 1011 selectissimorum
531 965 610 1011 valida
629 982 700 1011 manu
718 983 746 1011 eo
765 970 884 1023 properat,
904 965 932 1024 b)

71 1025 208 1071 Joannem
202 1028 287 1083 iniquis
302 1026 474 1073 conditionibus
489 1030 641 1073 constrictum
655 1030 733 1081 vincit,
717 1028 859 1074 tabbatem
874 1027 930 1073 libe·

70 1101 122 1131 rum
132 1085 206 1141 dignit
207 1087 240 1130 ati
249 1087 363 1142 pristinae
372 1088 440 1132 restit
430 1088 481 1132 tuit
492 1085 653 1132 Lidlomenses
664 1087 747 1132 eadem
752 1104 816 1192 qua³
815 1087 856 1133 ille
867 1092 931 1133 astu-

6 1194 8 1197 ,
70 1146 103 1190 tia
113 1146 153 1198 uti,
164 1143 227 1190 Vibii
237 1145 355 1201 praesidio
366 1144 425 1191 sub
419 1162 496 1202 rpsam
506 1150 547 1191 nat
537 1147 592 1191 talis
603 1146 697 1192 Domini
707 1151 762 1192 noct
763 1163 800 1192 em
809 1149 932 1192 ³castrum

9 1229 10 1234 =
70 1203 184 1249 invadunt
198 1202 380 1258 Rordamanum,
397 1204 523 1261 spoliatum
538 1205 704 1251 incenduntet
720 1205 821 1259 diruunt,
838 1222 931 1251 crucem

71 1268 213 1319 argenteam,
227 1263 332 1309 codicem
345 1263 511 1320 evangelicum,
526 1269 667 1342 caeteraque
680 1267 758 1310 omnia
771 1267 876 1321 exceptis
889 1281 931 1322 po·

70 1324 129 1370 culis
141 1327 263 1382 recipiunt

70 1388 150 1444 Aesgo
184 1389 258 1433 veteri
292 1388 362 1433 nitori
396 1386 509 1440 redditus,
545 1388 595 1431 veri
616 1388 718 1443 pastoris
738 1402 819 1432 curam
840 1395 930 1442 gerens,

71 1448 213 1492 monasterio
240 1462 330 1492 summa
356 1445 483 1503 prudentia
509 1445 539 1491 de
565 1462 651 1502 pecore
678 1449 701 1490 et
727 1444 823 1502 reliquis
850 1462 930 1491 neces-

72 1508 139 1552 sariis
157 1508 277 1563 prospicit.
294 1505 404 1562 Undique
422 1504 477 1550 lieet
494 1507 640 1561 angustiatus
658 1504 690 1550 ob.
706 1521 784 1550 rerum
801 1506 931 1561 penuriam,

71 1567 129 1613 fidei
142 1569 299 1613 constantiam
312 1566 461 1612 nihilominus
476 1571 561 1612 servat.
576 1567 606 1624 ε)
616 1565 736 1611 Ecclesiae
750 1568 833 1611 turrim
847 1583 932 1611 novam

71 1629 164 1684 petrino
179 1632 241 1673 tecto
256 1631 364 1672 ornatam
379 1628 499 1679 construit,
517 1626 600 1672 eodem
615 1630 678 1671 tecto
694 1628 835 1671 anteriorem
850 1625 933 1682 templi

71 1694 163 1746 partem
176 1693 281 1734 exornat.
295 1687 331 1733 Ex
343 1690 396 1745 ipsa
406 1687 554 1734 'haereditate
567 1692 666 1744 paterna
679 1689 821 1733 monasterio
834 1690 858 1733 in
871 1697 932 1744 pago

71 1750 260 1796 Menaldomensi
275 1752 353 1807 magni
368 1752 438 1807 pretii
452 1752 626 1819 possessionem
640 1750 669 1807 d)
684 1754 723 1795 toe
738 1749 806 1795 Maer
821 1751 830 1772 4
845 1749 932 1795 dictam

72 1810 151 1856 donat.
164 1809 263 1856 Vitaet'
257 1826 319 1855 mem
331 1809 431 1866 adeptus
445 1811 561 1855 moritur'
555 1826 579 1854 m
592 1808 692 1854 Domino
706 1811 742 1854 sui
754 1811 857 1854 muneris
871 1825 932 1854 anno

71 1872 247 1977 ἀεοὶιηῖι4ἑιὲιᾱιῒ
247 1888 268 1917 o.
237 1870 365 1917 tRubro
380 1871 460 1928 lapide
475 1873 572 1917 tectus
566 1888 590 1916 m
606 1873 658 1956 ipsa
674 1887 742 1916 sacra
758 1871 817 1917 aede
826 1873 932 1928 quiescit

71 1947 133 1977 armo

338 2053 454 2098 Nicolaus
468 2054 543 2097 abbas
556 2053 664 2097 XXVII.

103 2179 216 2226 Canonici
232 2177 308 2225 Vallis
325 2177 354 2224 D,
372 2177 474 2234 Virginis
492 2176 561 2223 simul
579 2175 678 2230 collecti,
698 2176 727 2222 de
745 2192 806 2222 novo
824 2175 933 2232 eligendo

73 2241 164 2295 abbate,
194 2243 235 2299 qui
262 2245 368 2297 tempore
397 2244 447 2285 tam
468 2239 533 2293 duro,
556 2238 632 2284 arduo
645 2243 669 2284 et
683 2238 818 2284 turbulento
833 2238 933 2284 feliciter

71 2320 172 2374 praeese
182 2307 268 2360 posset,
252 2301 376 2348 tsolliciti
388 2306 449 2347 sunt

72 2363 127 2409 Jam
166 2364 189 2408 in
229 2337 305 2407 Frisia
343 2363 422 2407 omnia
460 2359 523 2406 bello
563 2351 684 2413 ardebant,
725 2376 768 2405 nec
808 2361 933 2417 quisquam

72 2422 101 2468 ab
142 2424 227 2469 iniuria
267 2426 332 2467 tutus
374 2425 431 2466 erat
475 2418 642 2476 Sciringiorum
683 2428 768 2475 magna
810 2424 861 2465 erat
890 2436 932 2476 po-

72 2484 152 2536 tentia,
182 2498 225 2527 nec
254 2482 329 2526 minor
357 2479 580 2536 Vetcoperanorum.
615 2477 646 2524 Hi
674 2478 816 2536 quandoque
845 2478 932 2524 viribus

96 2616 116 2658 a)
140 2615 254 2656 Groustirn,
265 2624 277 2650 a
288 2624 333 2650 raso
345 2614 419 2650 vertice
430 2613 514 2655 „sterne
527 2611 586 2649 Vibe''
599 2613 662 2648 dictus
669 2624 676 2654 ,-

97 2664 118 2705 b)
143 2663 296 2699 iidIomensium
306 2661 380 2698 auxilio
391 2662 455 2698 iratus
465 2661 529 2704 ipsum
540 2662 626 2697 castrum
637 2661 673 2697 sub
683 2662 752 2696 natum
763 2660 842 2697 Domini
852 2660 934 2703 invadit,

73 2714 199 2757 depredatur,
211 2713 303 2749 abbatem
314 2712 386 2748 liberat
398 2713 419 2748 et
429 2711 521 2747 incendio
534 2710 649 2757 corrumpit,
661 2710 730 2754 tempii
742 2710 824 2747 monilia
836 2710 933 2753 recipiun-

74 2766 112 2806 tur,
121 2763 197 2805 reliqua
208 2762 320 2799 abalienata
330 2762 401 2804 iuere;

97 2814 116 2854 c)
141 2812 265 2849 Monasterio
281 2812 335 2847 omni
352 2811 449 2847 necessita
466 2811 531 2846 victa:
548 2819 627 2853 pecore,
643 2810 770 2853 agricultura,
786 2820 839 2853 peno
856 2812 876 2846 et
892 2811 934 2846 iru-

73 2863 141 2898 mento
154 2860 249 2904 prospicit
256 2871 263 2902 ,·
528 2858 549 2899 d)
575 2857 766 2900 Maervocicatam;

99 2912 107 2947 1
133 2910 202 2947 Wiebe
219 2908 297 2952 Sjoerts
279 2908 398 2946 tsirtema
415 2919 453 2945 van
470 2907 556 2945 Grovest
557 2908 593 2952 ins,
610 2908 649 2951 vgl.
667 2907 691 2944 H.
709 2907 782 2957 Baerdt
798 2918 836 2945 van
854 2907 933 2953 Sminia,

133 2959 434 3002 FriescheV01ksaim.1845p
449 2959 464 3003 1,
477 2961 518 2995 met
530 2961 576 3001 por
568 2960 613 2994 ret

97 3011 109 3047 2
133 3009 177 3053 Eng
179 3010 236 3053 etum,
249 3013 283 3045 ten
296 3008 349 3045 N.W
363 3019 400 3045 van
414 3007 550 3044 Leeuwarden.

98 3058 110 3095 3
134 3059 157 3095 25
170 3057 300 3095 December.
383 3057 395 3092 4
420 3055 459 3093 Ws.
473 3050 584 3100 Meerswal,
597 3054 684 3099 gehucht
697 3055 760 3093 onder
773 3055 893 3093 Menaldum
