2121 3546
489 252 525 299 Ill

107 376 153 423 Het
167 375 266 423 verschil
280 376 391 424 tussche'n
405 377 435 424 de
449 378 507 425 orde
520 395 566 425 van
581 378 681 426 Citeaux
696 396 726 426 en
740 378 878 425 Promontre
893 378 934 436 ligr

78 440 101 484 in
117 439 146 485 de
162 456 218 486 cura
234 441 369 495 animarum¹
386 439 425 486 die
440 456 485 487 aan
502 441 693 499 eerstgenoemde
709 458 757 488 was
774 440 881 499 ontzegd.
898 441 934 498 Bij

77 502 123 548 den
141 501 348 560 Norbertijnsohen
364 502 484 550 kanunnilr
501 506 521 550 is
538 504 615 561 plaats
633 521 690 552 voor
707 503 747 551 het
765 504 849 551 devote
866 503 935 551 leven

76 581 122 610 van
133 564 179 611 den
189 564 341 623 kloosterlinp
352 583 382 613 en
393 566 424 612 de
433 566 575 624 herderlijlre
585 576 641 625 zorg
651 583 696 614 van
708 567 755 615 den
766 572 854 626 pastor,

108 756 192 803 Sedert
206 755 235 802 de
249 754 358 813 stichting
372 772 417 802 van
432 756 462 802 de
476 755 645 814 moeder-abdij
660 761 684 803 ie
698 756 836 803 Premontre
850 758 874 802 in
889 755 935 803 den

78 818 233 866 historischen
246 818 388 865 Kerstnacht
401 835 446 865 van
463 822 526 874 1120,
541 823 596 865 toen
610 819 711 866 Norbert
725 824 772 866 met
786 821 832 876 zijn
846 821 935 876 veertig

78 884 193 936 genooten
202 881 225 924 in
235 879 265 925 de
273 878 427 935 bouwvallige
436 878 494 925 kerk
504 879 533 925 de
543 879 641 938 gewijde
649 879 752 938 hymnen
761 889 827 936 mog,
837 879 935 926 breidde

78 942 108 988 de
123 941 181 992 orde
195 940 246 988 zich
261 944 295 988 uit
311 946 445 999 ..tamquam
459 944 528 988 vinea
544 941 671 997 lructilera.
688 959 749 1000 quae
765 958 820 988 suos
836 943 934 988 circurn-

77 1018 170 1059 quaque
186 1001 295 1059 palmites
311 1019 339 1048 ac
356 1007 452 1049 sanctae
468 1001 620 1059 plantationis
637 1020 694 1050 suae
710 1005 851 1061 propagines
868 1002 934 1049 uberi

79 1062 143 1109 foetu
158 1061 277 1108 extendit*
294 1063 309 1108 ².
325 1062 361 1109 De
376 1062 474 1120 hoogste
488 1062 586 1119 kringen
602 1062 644 1110 der
659 1063 818 1120 samenleving
834 1062 934 1110 voelden

77 1122 129 1169 zich
142 1127 176 1169 tot
189 1123 247 1169 haar
261 1122 436 1180 aangetroklien
450 1123 508 1170 door
522 1123 552 1170 de
566 1126 712 1171 aristocratia
726 1124 768 1171 des
782 1129 880 1181 geestes,
897 1124 935 1171 die

78 1185 136 1231 haar
147 1184 283 1232 kenmerkte
294 1188 309 1231 ².
321 1185 348 1231 ln
359 1186 423 1242 bijna
434 1185 481 1232 alle
492 1186 580 1232 landen
590 1203 636 1233 van
647 1185 742 1243 Europa
753 1203 865 1233 verrezen
876 1186 934 1233 haar

78 1245 138 1291 vaalr
151 1245 324 1292 sterkbevolhte
335 1245 458 1300 kloosters‚
472 1246 510 1293 die
522 1251 569 1293 met
582 1247 612 1294 de
623 1247 833 1304 geincorporeerde
846 1246 935 1294 herken

78 1325 122 1354 een
135 1313 216 1364 groote
229 1308 365 1366 geestelijke
378 1308 456 1355 machi
469 1309 588 1355 vormden.

106 1374 142 1420 De
155 1373 264 1432 bisschop
278 1390 324 1421 van
337 1373 436 1420 Utrecht
449 1383 520 1431 vroeg
532 1373 645 1420 ‘tusschen
660 1372 689 1420 de
705 1374 772 1430 iaren
788 1375 933 1419 rizo—112⁷

78 1437 136 1483 haar
150 1436 207 1495 hulp
222 1454 260 1483 om
275 1437 305 1483 de
319 1436 412 1493 ketterij
428 1453 473 1482 van
489 1436 535 1483 den
550 1434 753 1493 welbespraakten
768 1434 895 1482 Tanchelm
910 1438 934 1481 in

78 1497 181 1544 Zeeland
190 1503 214 1544 te
224 1497 352 1554 bestrijden
363 1500 377 1543 ³.
389 1496 498 1543 Hiermee
508 1497 569 1543 deed
579 1497 609 1544 de
618 1496 676 1543 orde
686 1495 744 1543 haar
755 1496 846 1543 intrede
857 1498 881 1542 in
891 1513 934 1543 ons

78 1557 141 1604 land,
154 1557 303 1613 Middelburg
316 1559 410 1614 ontving
423 1558 453 1604 de
465 1563 542 1604 eerste
554 1557 714 1614 nederzetting
723 1558 738 1611 4,
751 1573 847 1615 waarop
861 1556 898 1603 die
911 1561 935 1603 te

79 1617 155 1664 Beesd
167 1617 198 1675 bij
206 1617 351 1675 ¹Culemborg
363 1617 448 1675 volgde
463 1617 550 1674 (1128).
563 1617 603 1664 Uir
616 1617 673 1664 deze
685 1617 755 1675 abdij.
770 1616 850 1664 Insula
862 1615 934 1663 Sanc·

78 1678 219 1801 lllshlaliae
229 1678 253 1723 ol
264 1678 436 1725 Matienweerd
447 1678 562 1735 genaamd
573 1680 588 1732 ⁶.
600 1683 681 1735 sproot
691 1677 768 1724 Berne
778 1676 810 1734 bij
822 1676 935 1725 Heusden

106 1802 141 1847 De
158 1802 241 1848 oudste
258 1799 416 1858 moederabdij
434 1816 479 1846 van
496 1797 619 1845 Friesland
636 1798 701 1845 werd
717 1798 891 1856 Matiengaard,
909 1801 933 1845 in

78 1868 135 1911 1163
149 1863 247 1928 gesticht
262 1863 319 1911 door
333 1861 446 1909 Frederik
459 1878 505 1908 van
519 1861 621 1916 Hallum.
637 1861 675 1909 die
689 1860 719 1908 de
733 1863 868 1919 paterniteit
882 1878 933 1908 ver·

76 1927 143 1973 wierl
152 1943 198 1972 van
208 1925 325 1972 Steinteld
334 1928 357 1971 in
368 1925 414 1972 den
424 1925 511 1979 Eilfel'.
523 1924 564 1972 dat
574 1942 604 1983 op
615 1927 662 1982 zijn
672 1924 740 1971 beurt
750 1925 888 1971 Premontre
898 1928 933 1971 tot

77 1987 263 2033 mater-ecclesia
274 1986 337 2032 had⁸.
350 1985 385 2032 En
397 1984 467 2043 gelijk
479 1985 617 2032 Prementre
629 1985 659 2031 de
670 1986 806 2042 paterniteit
818 1984 865 2031 had
877 2001 933 2031 over

78 2046 209 2101 steinsela.
219 2063 250 2092 en
258 2045 374 2093 Steinleld
382 2062 438 2092 over
446 2044 730 2107 DokkunOldelilooster
738 2047 761 2091 in
770 2044 800 2091 de
808 2045 894 2091 Marne
901 2063 931 2092 en

76 2106 249 2164 Matiengaard,
265 2106 330 2153 werd
345 2106 545 2163 laatstgenoemde
561 2103 669 2163 stichtirig
685 2105 872 2151 mater-ecclesia
887 2122 933 2151 van

102 2437 109 2472 1
136 2433 162 2471 Le
175 2434 241 2479 raige,
255 2433 376 2471 Bibliotheca
389 2432 590 2470 Praemonstratensis
604 2432 689 2478 Ordinis,
703 2431 757 2470 Paris
773 2433 824 2478 1633,
838 2444 856 2477 p.
870 2433 910 2470 324.

100 2487 111 2522 2
135 2485 180 2529 Vgl.
194 2485 248 2521 ilem.
261 2484 378 2528 Wijbrands
391 2483 421 2520 De
435 2483 485 2527 abdii
499 2483 604 2521 ssioemhof
617 2487 638 2520 te
650 2484 798 2529 Wiitewiernrn,
811 2483 870 2521 Verh.
884 2484 933 2522 Kon.

135 2535 196 2572 Akad.
210 2546 227 2571 v.
241 2534 351 2572 Wetensch
366 2534 404 2571 aid.
419 2534 504 2571 Letterk.
518 2534 558 2580 XV,
572 2534 696 2572 Amsterdam
710 2535 761 2579 1883,
775 2545 793 2578 p.
809 2536 835 2572 io.

100 2585 111 2621 3
136 2584 162 2620 M.
178 2583 300 2627 Schoengen
316 2582 345 2619 De
360 2582 409 2621 orde
424 2593 460 2619 van
477 2582 620 2620 Premonstreit
635 2594 659 2620 en
675 2583 699 2620 de
715 2582 792 2620 Nederl.
809 2582 934 2628 beschaving‚

136 2633 219 2671 Bciaard
234 2633 285 2679 1921,
300 2633 306 2669 l
327 2644 346 2677 p.
360 2633 448 2670 81-104.

100 2686 111 2721 4
136 2684 192 2729 ΜοΙΙ,
205 2683 323 2728 Keikgesch.
337 2695 354 2720 v.
368 2682 480 2720 Nederland
493 2684 542 2720 voor
556 2683 580 2720 de
593 2683 731 2729 Hervorming,
745 2683 830 2722 Arnhem
852 2684 903 2729 1867,
918 2684 933 2721 ll

135 2735 159 2770 2e
174 2734 225 2779 stuli,
242 2745 259 2777 p.
276 2734 299 2771 29
314 2734 353 2778 vig.
370 2733 423 2771 Over
439 2734 463 2771 de
480 2734 531 2778 abdij
547 2733 679 2780 Middelburg,
695 2733 773 2780 Romer,
790 2734 892 2774 Kloosters
910 2745 934 2773 en

135 2783 212 2828 abdijen
223 2795 260 2821 van
271 2784 357 2821 Holland
368 2794 393 2821 en
403 2784 493 2829 Zeeland,
505 2784 577 2821 Leiden
589 2785 640 2830 1854,
652 2785 665 2829 l,
676 2796 695 2829 p.
706 2784 735 2821 78.

99 2833 110 2869 5
135 2832 257 2917 llelllmer'
270 2832 347 2918 [him
360 2832 440 2869 Archief
452 2843 469 2869 ν.
482 2833 600 2876 Kerkgesch.
613 2833 635 2877 V,
648 2844 667 2877 p.
681 2834 715 2870 149
727 2834 766 2877 vig.

100 2882 112 2918 6
158 2891 233 2925 o‚.c.
247 2891 265 2924 p.
302 2909 306 2916 .

100 2931 111 2967 7
136 2930 197 2967 Gesta
211 2930 309 2968 abbatum
323 2931 367 2968 Orti
381 2929 453 2968 Sancte
466 2930 534 2976 Marie,
549 2931 578 2968 ed.
593 2931 646 2968 Acin.
661 2931 778 2977 wijbrands
792 2933 841 2976 uitg,
855 2931 934 2970 Friesch

136 2980 256 3018 Genootsch.
268 2980 342 3018 Lceuw.
355 2980 406 3027 1879,
416 2992 434 3025 p.
445 2981 474 3026 32,
484 2983 516 3026 48;
526 2981 582 3019 Moll.
594 2982 622 3018 ic.
634 2992 653 3026 p.
663 2982 692 3019 33.

99 3033 111 3068 8
135 3030 227 3075 Miraens,
243 3031 355 3069 Chronicon
371 3031 451 3070 Ordinis
466 3031 667 3070 Praemonstratensis
683 3042 701 3077 p.
717 3034 745 3070 45.

100 3079 111 3116 9
136 3078 255 3125 Wijbrands·
264 3079 370 3118 Bloernhof
381 3090 400 3124 p.
411 3080 440 3117 49.
