2121 3546
522 204 552 247 50

102 325 148 380 pia,
165 323 286 369 conductis
304 322 415 380 lignariis,
433 339 492 381 opus
510 322 594 369 fabrile
612 322 753 380 aggreditur.
788 322 826 368 Fit
843 321 961 369 hominum

101 383 228 429 multorum
239 386 305 440 operi
316 382 476 429 subveniendo
488 400 622 430 concursus.
636 382 713 429 Celeri
725 399 796 428 manu
808 384 961 439 contignatio-

102 461 143 490 nes
161 446 349 501 compingunturr
367 450 471 490 rotarum
488 447 525 491 usi
542 447 670 491 ministerio
688 445 719 491 ad
737 460 853 490 summurn
869 444 962 490 culmen

102 507 231 561 eriguntun
247 521 322 550 novae
337 507 493 561 reparationis
508 522 538 551 ex
553 504 621 562 lignis
637 504 718 551 solidis
734 520 788 562 spes
804 509 910 562 apparet.
926 502 963 549 Ex

102 565 184 610 ordine
203 567 335 611 constitutis
354 567 424 622 tignis
443 582 487 611 nec
507 567 571 621 iusta
590 564 748 611 sollicitudine
767 564 798 611 ad
818 567 962 621 inopinatam

102 629 225 671 ventorum
238 627 286 671 vim
298 625 385 671 fulcitis
400 631 423 671 et
436 625 608 682 conglutinatis,
623 625 703 671 aeolus
718 625 761 671 sub
775 641 900 682 vesperum
914 627 962 670 suis

102 685 190 731 viribus
202 702 326 742 erumpens
339 688 427 742 ingenti
439 685 531 732 turbine
542 689 620 732 omnia
632 685 728 742 perflat;
742 685 901 731 vehementior
914 685 963 730 fac·

102 750 140 791 tus
156 762 248 791 omnem
264 751 379 792 tecturam
394 748 497 792 concutit
513 751 536 792 et
553 747 640 803 dejicit¹
657 748 717 792 sicut
733 745 765 792 ad
781 747 963 791 internecionem

103 809 180 852 omnia
197 813 411 864 corrumperentur;
429 807 530 853 trabium
546 824 640 865 quoque
656 806 758 853 illisione
775 806 865 864 aliquot
881 806 964 863 templi
979 815 981 820 ’

103 871 240 923 compactae
256 867 386 913 testudines
403 869 430 925 a)
447 867 556 925 lapideae
572 872 716 921 corruerunt.
733 867 788 913 hinc
804 873 830 913 ut
846 868 963 924 posterius

104 929 215 974 damnum
227 928 347 974 exitiabile
359 931 432 985 magis
446 928 524 975 luerat
536 946 608 986 quam
620 927 737 975 flammae.

103 988 184 1034 Abbas
213 989 334 1035 infortunii
362 988 470 1034 molestia
498 991 600 1046 graviter
628 989 746 1043 adflictus,
776 990 901 1046 resumptis
930 991 963 1034 vi·

104 1048 167 1095 ribus
195 1049 322 1105 naufragos
351 1051 489 1103 imitaturus.
519 1067 549 1095 ex
578 1049 704 1096 contractis
746 1049 851 1096 trabibus
879 1065 965 1095 novam

105 1112 240 1166 auspicatur
276 1109 395 1163 fabricam,
431 1126 504 1155 novas
539 1112 708 1167 reparationes,
744 1109 828 1167 quibus
864 1109 964 1155 feliciter

104 1171 198 1215 munitis
239 1170 393 1215 arundineum
432 1169 507 1226 illigat
546 1175 640 1224 tectum,
673 1172 711 1216 cui
743 1175 766 1216 et
782 1193 784 1195 ’
799 1186 965 1216 conversorum

105 1229 209 1276 succedit
234 1229 424 1287 reliquarumque
449 1230 542 1276 aedium
567 1233 715 1276 restauratio.
752 1229 794 1276 His
820 1232 889 1283 curis.
916 1246 964 1276 mo·

105 1289 178 1335 lestiis
210 1292 328 1347 variisque
360 1292 554 1336 exercitationum
586 1290 696 1347 procellis
729 1293 869 1347 exagitatus,
902 1306 964 1336 anno

105 1367 162 1396 suae
178 1349 386 1400 administrationis
404 1355 489 1407 quarto
505 1350 576 1407 paulo
593 1354 669 1397 minus
694 1354 718 1396 in
742 1350 842 1397 Domino
867 1353 964 1397 moritur

104 1411 184 1467 vigilia
198 1410 226 1457 D.
242 1410 354 1457 Andreae
369 1411 479 1468 Apostoli
494 1413 509 1456 ²,
525 1411 587 1457 Aedi
602 1428 685 1458 sacrae
699 1412 779 1458 illatus
795 1417 920 1469 praesente
936 1411 964 1458 D,

105 1473 205 1529 Popteto
216 1476 285 1529 patre
296 1471 380 1518 abbate
391 1475 493 1518 omnium
505 1472 586 1519 dolore
598 1472 720 1530 sepelitur;
733 1472 813 1530 lapide
825 1478 900 1520 tectus
913 1472 965 1519 leli-

105 1535 163 1578 citer
176 1534 275 1590 quiescit
288 1548 349 1578 auno
364 1535 427 1578 1336.

258 1659 287 1701 D.
298 1658 443 1701 Godetridus
454 1657 553 1708 (Goerd)
565 1657 647 1700 Andla
657 1657 732 1701 abhas
743 1657 811 1700 XIV.

107 1779 161 1836 Ipso
177 1779 216 1825 die
232 1778 255 1825 Sc
272 1779 385 1825 Andreae
399 1778 510 1836 Apostoli
526 1779 632 1824 canonici
648 1794 701 1824 cum
717 1777 813 1835 reliquis
831 1780 965 1824 monasticis

107 1841 175 1886 simul
189 1839 294 1886 collectis
307 1845 361 1897 post
375 1840 439 1886 tusas
454 1840 485 1886 ad
498 1839 575 1885 Deum
588 1856 669 1896 preces
684 1844 809 1896 praesente
823 1838 851 1885 D·
866 1839 966 1897 Popteto

106 1903 156 1946 viro
170 1905 239 1958 patre
253 1900 337 1946 abbate
352 1900 486 1953 venerabili.
502 1902 580 1945 omnia
595 1915 638 1945 sua
653 1899 776 1945 conterant
791 1899 819 1944 D.
835 1898 966 1946 Godetrido

106 1965 161 2006 vota
175 1962 298 2017 ipsumque
312 1959 420 2006 abbatem
434 1959 529 2017 eligunt,
545 1959 646 2006 electum
660 1959 732 2005 abbas
747 1959 878 2005 confirmat.

107 2020 164 2067 Erat
187 2023 283 2066 natione
307 2019 431 2066 Riedensis
455 2022 463 2043 ²
488 2019 561 2066 nobili
585 2019 666 2065 Andla
690 2019 780 2065 familia
805 2022 903 2076 genitus,
930 2037 967 2065 ec-

107 2081 194 2127 clesiae
223 2081 342 2137 quondam
372 2084 396 2126 in
426 2080 486 2127 Ried
516 2085 604 2137 pastor.
635 2083 676 2137 qui
706 2080 788 2126 relicto
818 2080 900 2126 habitu
931 2097 967 2126 se·
1029 2114 1031 2117 -

107 2141 181 2187 culari
210 2141 298 2187 ordinis
327 2143 428 2197 rigorem
457 2146 570 2197 expetens
600 2139 709 2186 Lidlomii
738 2142 883 2186 monasticen
912 2156 966 2197 pro·

107 2201 194 2247 litetur.
223 2200 300 2246 Variis
329 2204 441 2247 virtutum
469 2201 637 2258 literarumque
665 2200 749 2247 studiis
778 2202 881 2247 intentus
910 2203 967 2247 iuris

107 2278 221 2307 summam
239 2261 339 2318 adeptus
359 2266 394 2307 est
413 2261 569 2318 prudentiam.
589 2261 718 2318 Progressu
737 2263 848 2318 temporis
868 2263 967 2307 coeteris

107 2322 186 2368 multis
209 2338 365 2379 praecurrens
387 2324 533 2379 parasangis.
558 2322 672 2368 ecclesiae
687 2324 710 2367 in
727 2321 754 2380 b)
762 2320 871 2379 Tuitgum
887 2327 968 2379 pastor

108 2383 209 2440 eligitum
231 2384 325 2429 domum
344 2385 446 2441 pastoris
466 2383 596 2429 honorifica
616 2388 715 2429 exornat
735 2383 831 2440 adjecta
850 2388 968 2430 structura

107 2459 174 2488 nova.
189 2442 270 2488 Abbas
285 2445 424 2489 constitutus
439 2443 542 2500 reliquas
557 2443 628 2488 aedes
643 2442 802 2502 conflagratas
817 2442 847 2489 ab
862 2448 967 2489 anteces-

110 2520 163 2550 sore
178 2503 279 2558 relictas,
296 2521 326 2550 ex
342 2507 432 2560 integro
455 2509 579 2550 restaurat.
611 2503 711 2550 Abbatis
735 2503 814 2550 aulam
838 2504 920 2551 addita
942 2505 969 2562 c)

108 2582 202 2611 camera
219 2565 366 2611 meridionali
383 2582 444 2611 nova
461 2570 558 2611 coronat
574 2567 755 2622 contignatione,
773 2565 889 2613 Maiorem
906 2583 968 2613 carn-

34 2664 35 2668 ,
108 2643 195 2683 panam
209 2628 280 2672 certis
296 2625 426 2684 sumptibus
443 2631 603 2684 comparatam
619 2642 694 2672 novae
711 2628 769 2673 turri
786 2626 867 2673 inferri
884 2632 967 2681 curat;

132 2776 151 2817 a)
176 2776 246 2812 maiori
258 2785 282 2812 ex
294 2776 352 2818 parte
363 2783 402 2811 una
409 2784 416 2816 ;

132 2825 153 2866 b)
177 2825 198 2861 in
214 2824 308 2861 Berliom
325 2825 394 2868 pastor
411 2823 532 2866 praeficitur.
551 2823 605 2859 Hanc
623 2824 710 2865 spartam
728 2824 797 2859 nactus
815 2832 890 2860 summe
907 2822 969 2860 coluit

109 2876 160 2911 unde
170 2874 208 2917 ipsi
219 2875 244 2910 ad
254 2875 342 2910 futuram
354 2873 472 2916 dignitatem
483 2872 564 2909 liberior
576 2873 632 2915 patet
641 2881 748 2915 ·accessus;

131 2924 151 2966 c)
176 2924 234 2960 add:
252 2924 277 2960 ab
288 2923 336 2967 ipsis
348 2923 482 2959 fundamentis
489 2933 496 2965 ;

136 3024 144 3060 1
170 3023 194 3060 29
209 3022 325 3059 November.
563 3020 575 3057 2
599 3018 653 3065 Ried,
667 3019 714 3057 Ν.Ο.
728 3030 765 3056 van
779 3020 884 3057 Franeker.
