2121 3546
564 227 594 270 74

137 346 288 402 incendium,
300 348 418 394 testudine
429 346 525 404 lapidea
535 348 642 405 impediti
654 348 742 395 frustra
754 353 852 395 tentant.
866 348 932 395 Idem
944 348 972 395 lit
984 351 1008 395 in

147 411 290 455 monasterio
304 409 392 455 Montis
408 409 431 455 S.
446 409 587 455 Michaelis:
611 410 669 457 levis
684 416 818 458 armaturae
833 411 919 457 milites
934 428 1007 469 equos

141 471 262 517 ecclesiae
274 471 384 525 inferunt.
398 488 428 517 ex
441 473 488 517 aris
501 471 571 518 haras
585 472 680 527 iaciunt.
695 475 773 520 omnia
786 478 943 531 conspurcant
956 473 1007 519 solo

148 533 284 579 dormitorio
294 533 421 590 virginibus
432 533 514 579 relicto
525 539 548 580 et
558 533 677 580 inviolato.

145 594 216 640 Anno
249 597 279 641 23
312 595 386 653 pulsis
420 594 533 641 Gheldris
567 597 679 654 omnique
714 594 785 641 turba
810 599 904 641 semota
939 595 1005 652 quie·

145 658 195 699 tem
231 658 256 699 et
293 653 492 712 tranquillitatem
528 659 620 709 nactus¹
659 654 768 712 dispersa
805 653 912 701 membra
950 655 1005 700 mis·

145 714 177 758 sis
212 712 288 759 literis
323 713 428 771 undique
465 713 589 770 recolligit,
625 713 768 770 Monasterii
804 715 1006 760 restaurationem

145 779 277 827 aggressus.
297 788 393 829 pecora,
413 772 573 828 agriculturae
592 774 730 819 necessaria
748 771 854 830 undique
874 777 1004 830 comparat,

131 830 132 834 ’
147 848 261 888 equorum
274 836 298 877 et
311 848 437 877 vaccarum
451 830 544 878 stabula
558 848 619 878 nova
633 831 784 888 redintegrat¹
800 831 926 878 ecclesiam
938 848 1006 877 reno-

144 897 195 946 vat;
204 897 293 939 mutato
311 895 414 939 sacrario
424 894 507 939 aedem
516 893 672 951 capitularem
681 910 711 939 ex
721 910 749 940 eo
760 894 823 947 lacit,
834 893 919 939 altaria
929 896 1007 939 omnia

146 957 283 1011 posterioris
292 954 380 1011 templi
390 954 481 1000 abbatis
491 954 601 1001 Eellronis
610 954 720 1009 tumbam¹
732 965 842 1012 organon.
853 955 1005 1012 horologium.

146 1015 252 1062 tabulam
266 1019 350 1063 summi
366 1016 454 1070 altaris¹
470 1022 547 1063 vestes
564 1016 617 1063 albo
633 1016 712 1063 colore
728 1020 822 1071 sericas,
839 1017 923 1063 sedilia
938 1033 1006 1071 nova.

146 1095 218 1124 novos
240 1078 333 1124 codices
355 1095 445 1125 summo
467 1078 545 1124 studio
567 1080 704 1135 magnisque
719 1079 849 1136 sumptibus
864 1079 917 1125 lieri
932 1084 1005 1125 curat,

141 1138 267 1197 Reliquam
275 1139 371 1186 aedium
379 1142 580 1186 restaurationem
589 1149 721 1196 aggressus,
731 1139 808 1187 totum
817 1139 933 1187 ambitum
941 1156 1005 1187 nova

144 1199 266 1244 testudine
276 1215 307 1244 ex
317 1204 387 1244 cocto
397 1198 477 1256 lapide
488 1199 650 1245 circumducit.
661 1198 826 1246 Retectorium
836 1202 1006 1246 canonicorum

143 1274 235 1311 novum.
250 1257 359 1312 culinam,
373 1258 492 1314 hospitum
505 1257 661 1314 receptacula,
666 1259 797 1315 pistrinum.
813 1257 908 1305 abbatis
922 1258 1012 1305 aulam

145 1321 229 1365 mirum
241 1321 266 1364 in
279 1319 375 1365 modum
388 1320 470 1373 reiicit¹
486 1322 519 1364 sic
533 1325 558 1365 ut
572 1322 622 1365 veri
634 1320 800 1364 restauratoris
815 1316 908 1364 titulum
922 1333 1007 1375 perpe·

144 1386 210 1428 tuum
221 1382 338 1427 meruerit.
352 1381 379 1438 a)
591 1441 596 1452 μ
774 1439 779 1450 Ι

144 1444 172 1560 iil
181 1441 411 1555 vullrdlusdlrl?liilblib
421 1437 1006 1556 eterligiddibttallbceliibaddicodddveritlateiillnqedddi

143 1559 298 1618 praelerebat
309 1564 416 1617 aspectu,
427 1557 546 1615 pensabat
556 1555 682 1614 obsequio;
693 1559 718 1602 in
729 1555 783 1602 cibo
795 1561 819 1602 et
829 1560 889 1614 potu
899 1555 1003 1613 frugalis.

144 1635 238 1677 parcus,
267 1618 367 1672 sobrius,
396 1619 491 1664 minime
511 1616 597 1670 lautus,
619 1618 746 1662 cervisiam
766 1620 885 1673 perpetuo
905 1614 1005 1662 bibebat

144 1695 247 1725 annuam
259 1678 378 1732 Martiam¹
392 1678 419 1735 c)
432 1692 502 1734 quam
516 1675 623 1732 neglecto
636 1677 690 1721 vino
704 1674 800 1721 cuilibet
813 1677 951 1732 praeposuit
965 1673 1005 1720 ho·

143 1745 210 1786 nesto
225 1746 248 1786 et
262 1739 394 1796 magnifico.
409 1737 520 1784 Fratrum
533 1753 647 1783 summam
661 1736 757 1793 gerebat
772 1735 960 1790 sollicitudinem¹
975 1753 1005 1781 ne

144 1802 190 1849 levi
199 1802 285 1848 saltem
293 1803 416 1847 occasione
426 1800 481 1845 data
491 1799 520 1845 ab
530 1804 628 1844 externo
638 1798 741 1844 dominio
750 1800 931 1855 corriperentur.
942 1797 1006 1843 Voce

143 1881 215 1922 quum
224 1868 286 1910 esset
295 1862 417 1916 submissa,
427 1862 507 1907 durior
516 1859 638 1917 aliquanto
646 1859 775 1913 videbatur.
785 1876 832 1917 quo
841 1864 865 1905 et
874 1861 922 1906 suis
931 1875 1005 1917 quan·

143 1927 221 1983 doque
234 1926 318 1971 terrori
331 1926 409 1970 extitit
422 1929 445 1969 et
458 1927 550 1969 tautum
562 1922 642 1977 valuit,
656 1927 682 1968 ut
696 1938 724 1968 eo
738 1921 788 1967 solo
802 1924 923 1967 conterriti
936 1938 1005 1968 omne

142 1992 296 2045 praestarent
311 1986 565 2043 obsequiumrcarceris
579 1986 656 2040 rigore
669 1999 789 2041 nunquam
802 2000 858 2030 usus
872 1983 963 2030 dicitur.
979 1983 1006 2029 In

143 2046 249 2093 omnibus
266 2046 352 2091 officiis
369 2046 453 2092 divinis
470 2048 584 2092 interesse
600 2045 721 2102 gestiebat,
738 2048 878 2103 praesertim
895 2048 918 2091 in
935 2047 964 2091 iis
981 2048 1005 2091 in

143 2108 226 2166 quibus
247 2125 289 2154 sua
309 2107 487 2154 desiderabatur
506 2109 648 2165 praesentia.
668 2106 712 2153 hoc
732 2112 768 2153 est
787 2106 918 2164 triplicibus
938 2108 1005 2154 lestis

143 2169 357 2227 celebrioribusqne
373 2169 454 2216 diebus
471 2174 495 2215 et
510 2172 630 2216 nocturnis
647 2169 784 2226 diurnisque
800 2172 874 2215 sacris
891 2173 1013 2227 perpetuo¹

143 2232 225 2285 adluit.
241 2231 300 2278 Cum
314 2231 416 2287 Georgio
431 2230 538 2277 Schenclr
552 2231 560 2253 ²
574 2235 665 2277 arctam
678 2230 750 2277 coluit
764 2231 961 2277 necessitudinem
975 2230 1005 2277 ob

143 2296 206 2340 vitae
217 2296 241 2339 in
253 2292 294 2339 illo
306 2297 447 2350 conspectae
459 2294 623 2349 integritatem.
637 2309 683 2350 quo
697 2291 828 2339 delectatus
841 2292 956 2350 Georgius
970 2295 1005 2351 ip·

142 2372 195 2401 sum
210 2355 305 2413 plurimi
320 2354 385 2401 lecit,
402 2354 491 2411 Magna
506 2356 531 2401 in
547 2354 656 2401 omnibus
673 2355 775 2401 comitiis
792 2354 854 2401 illius
871 2357 1003 2402 auctoritas

143 2421 274 2474 conspecta
311 2419 352 2468 est,
384 2430 454 2471 quern
484 2419 508 2459 et
530 2418 623 2471 patrem
645 2413 787 2471 quandoque
803 2414 926 2471 appellare
941 2415 1005 2461 haud

143 2474 257 2522 erubuere
270 2478 375 2532 primarii
389 2475 486 2521 Frisiae
502 2475 600 2532 insuper
622 2479 646 2521 et
667 2475 784 2532 Maiestas
814 2475 933 2524 Caesarea
962 2493 1005 2523 sua

143 2537 258 2583 industria
272 2540 391 2594 ingentem
403 2539 557 2594 pecuniarum
570 2536 694 2583 collectam
709 2539 801 2595 copiam
817 2537 1004 2607 liltlssscarolino·

165 2697 186 2739 a)
211 2698 269 2734 add:
288 2697 387 2735 Selectum
398 2697 479 2741 insuper
492 2698 632 2734 canonicorum
646 2697 731 2740 undique
744 2698 812 2734 accitis
824 2698 927 2736 iuvenibus
940 2700 1004 2736 doctis

141 2748 248 2791 collegium
261 2749 283 2784 15
295 2750 329 2785 aut
342 2748 365 2784 io
375 2748 501 2784 sacerdotum
513 2747 599 2785 instituit
606 2759 613 2790 ;

166 2797 187 2840 b)
212 2799 300 2834 staturae
317 2797 428 2840 eminentis,
445 2806 531 2840 corpore
548 2797 631 2834 robusto
650 2798 670 2833 et
688 2799 799 2840 compacto,
817 2798 885 2835 colore
903 2799 1002 2841 subtusco

141 2847 197 2885 vultu
210 2847 268 2890 tristi,
279 2847 341 2884 iacies
353 2848 445 2884 cicatrice
457 2847 569 2884 deformata
581 2847 610 2883 iili
622 2856 695 2884 nomen
708 2847 768 2890 dedit,
780 2848 801 2884 in
813 2848 858 2885 cibo
864 2860 873 2891 ,-

165 2898 184 2940 ς)
209 2897 278 2933 laneus
289 2900 334 2934 erat
346 2900 403 2934 ¹totns
415 2897 525 2941 pannoiino
539 2906 645 2940 numquam
660 2906 711 2934 usus.

166 2999 174 3033 1
202 2996 282 3041 George
294 2996 372 3034 Schenk
385 3007 422 3034 van
435 2997 571 3042 Tomentum,
584 2996 705 3034 stadhouder
718 3007 756 3034 van
770 2996 873 3035 Friesiand
884 2997 1002 3045 (imi-40).

201 3046 234 3084 Zie
247 3046 269 3084 N.
283 3047 408 3091 Biografisch
421 3046 498 3092 wana,
512 3046 538 3083 ΙΙΙ
553 3046 604 3083 1132.
