2121 3546
466 227 495 271 45

52 346 109 392 ldzo
119 363 175 393 vero
186 347 295 393 diuturno
306 346 413 394 adfectus
424 347 505 394 morbo
516 333 580 394 anno
589 365 646 396 suae
658 349 777 406 dignitatis
789 349 912 396 undecimo

52 407 173 454 Kalendas
194 408 303 455 Octobris
323 410 331 431 ¹
351 411 425 455 vitam
443 414 518 456 morte
538 415 682 464 commutati
712 415 767 457 ante
788 410 863 457 altare
883 411 911 456 D.

52 470 186 578 tAugltgsggni
201 469 304 528 Hoyteto
316 487 377 527 pone
390 470 541 528 consepultus
555 474 653 529 quiescit
667 489 728 518 anno
741 471 849 529 Virginei
858 489 912 530 par·

62 548 90 578 us
162 567 167 578 .

312 659 373 703 Pibo
385 659 506 704 Sibranda
518 659 593 703 abbas
605 659 649 703 XI.

55 781 141 828 ldzone
156 781 267 828 defuncto
281 781 348 827 adest
363 783 475 838 evestigio
489 782 617 827 accersitus
631 786 698 839 pater
713 780 785 827 abbas
801 780 870 828 Horti
884 780 912 827 D.

53 842 155 898 Virginis
166 841 295 888 Sibrandus
306 844 356 888 eius
367 844 466 888 nominis
478 841 600 895 secundus¹
608 844 643 887 vir
648 841 761 888 cordatus
768 851 914 898 magnaeque

54 903 207 948 auctoritatis.
222 900 266 947 Hic
278 906 360 947 curato
373 902 456 948 funere
469 900 575 947 omnibus
589 900 673 948 locutis
688 901 718 947 de
731 901 846 947 electione
859 903 914 947 novi

54 962 169 1020 praefecti
184 965 267 1023 agitur.
283 963 340 1008 Post
355 962 450 1009 brevem
466 962 661 1009 consultationem
677 962 765 1021 oppido
781 965 914 1009 nominatur

54 1025 83 1070 D,
94 1024 152 1070 Pibo
163 1024 285 1071 Sibranda.
297 1023 404 1070 Electum
415 1024 487 1071 abbas
499 1024 593 1070 deducit
605 1024 727 1071 adsedem
739 1026 762 1069 in
775 1025 802 1082 α)
814 1023 914 1071 ecclesia

54 1087 195 1143 primariam.
207 1084 353 1131 Confirmato
362 1084 403 1131 illo
412 1084 511 1131 discedit
520 1089 588 1142 pater
598 1084 733 1131 Sibrandus.
744 1084 847 1131 Rediens
857 1083 915 1130 Tra-

55 1149 117 1204 iecto
127 1148 279 1203 inauguratus
289 1146 368 1200 abbas,
378 1149 464 1193 virtute
474 1146 601 1204 plurimum
610 1146 705 1200 studuit.
717 1149 754 1192 cui
764 1146 828 1192 haud
838 1148 914 1192 minus

54 1224 125 1266 quam
134 1208 241 1265 religioni
251 1207 280 1254 ab
290 1210 343 1265 ipsa
352 1210 417 1255 tenui
427 1212 506 1254 aetate
516 1207 631 1262 addictus,
642 1217 751 1265 magnam
761 1210 798 1255 sui
808 1207 914 1254 omnibus

55 1269 158 1316 honestis
172 1286 238 1327 spem
250 1269 384 1327 reliquerat.

56 1329 83 1387 b)
107 1328 205 1377 Tenella
228 1335 306 1376 aetate
330 1332 354 1375 in
378 1330 484 1377 ordinem
508 1334 617 1387 receptus
642 1329 768 1387 plurimum
793 1329 915 1376 literarum

55 1392 142 1436 noticia
173 1390 280 1448 profecit.
320 1389 402 1436 Abbas
435 1390 535 1436 effectus
568 1392 678 1437 virtutem
710 1392 815 1435 innatam
847 1390 914 1436 bonis

56 1450 146 1496 actibus
178 1453 252 1507 magis
285 1450 395 1507 explicat,
429 1453 462 1496 sic
494 1456 521 1496 ut
552 1452 596 1495 viri
629 1456 678 1497 tarn
710 1450 802 1496 honesti
835 1453 915 1508 piique

56 1511 119 1557 fama
128 1510 225 1557 ubilibet
235 1510 340 1557 locorum
349 1510 445 1568 vulgata
454 1521 563 1568 magnam
573 1514 609 1557 sui
619 1512 805 1557 aestimationem
815 1510 915 1569 relique·

55 1575 92 1626 rit.
106 1572 169 1619 unde
183 1573 319 1630 frequenter
332 1574 356 1618 in
370 1573 450 1619 arduis
464 1574 611 1618 comitiorum
625 1575 709 1627 causis,
724 1572 848 1619 condendo
864 1575 916 1630 iure

56 1634 145 1680 Frisico
160 1651 227 1689 novo,
244 1633 447 1694 transactionibus,
465 1636 551 1691 jurium
564 1636 678 1689 terminis,
695 1651 763 1681 suurn
778 1637 916 1692 requisitum

56 1696 222 1751 interposuerit
234 1693 353 1751 iudicium.
365 1694 459 1740 Accidit
471 1694 612 1751 quandoque
624 1694 724 1740 Frisiam
736 1698 871 1741 exterorum
882 1696 916 1739 in·

56 1755 202 1802 cursionibus
218 1757 303 1801 misere
318 1754 413 1809 turbari.
430 1772 489 1813 quas
505 1754 586 1801 turbas
603 1761 626 1802 et
641 1755 705 1802 bella
720 1757 771 1812 ipso
787 1756 917 1802 mediatore

57 1819 134 1874 sopita
143 1833 195 1863 esse
204 1819 274 1863 certis
284 1816 314 1863 de
323 1833 352 1862 ea
361 1833 387 1863 re
396 1817 509 1863 confectis
519 1816 593 1862 literis
603 1822 702 1863 constat.
713 1815 815 1863 Suorum
823 1834 917 1875 quoque

59 1880 82 1924 in
93 1883 192 1936 utroque
202 1878 315 1924 coenobio
325 1877 471 1925 subditorum
481 1881 599 1935 ingentem
609 1882 690 1925 curam
700 1880 816 1932 sustinuit.
828 1878 917 1925 ordinis

57 1942 178 1997 integritas
190 1945 213 1986 et
224 1940 312 1986 candor
323 1945 349 1986 ut
360 1945 500 1994 servaretur.
512 1957 556 1986 nec
567 1940 729 1987 aedificiorum
741 1957 821 1987 curam
832 1943 917 1999 rejicit.

57 2000 203 2059 Spectabiles
214 2001 305 2047 abbatis
316 2001 387 2048 aedes
398 2003 430 2060 c).
441 2018 499 2059 prae
510 2004 609 2048 caeteris
621 2002 760 2049 celsitudine
771 2005 917 2060 conspicuas.

57 2062 136 2109 valido
146 2079 218 2121 opere
228 2068 319 2109 erectas
329 2066 431 2121 propriis
442 2065 532 2110 curavit
543 2066 620 2110 extrui
630 2063 767 2118 redditibus,
779 2068 805 2110 ut
815 2064 853 2110 vel
864 2064 918 2110 hinc

27 2135 28 2138 ’
58 2124 143 2170 elicere
155 2127 231 2183 quivis
244 2127 318 2182 possit
331 2123 453 2171 abbatibus
467 2124 586 2182 quondam
599 2127 719 2183 propriam
731 2127 875 2182 assignatam
888 2143 918 2171 ex

60 2188 122 2243 agris
135 2188 272 2243 pensionem
285 2202 394 2232 annuam.
407 2186 463 2232 Vita
476 2186 576 2232 feliciter
589 2192 643 2233 acta
656 2203 746 2233 summo
760 2190 863 2234 omnium
877 2187 918 2234 do·

58 2247 109 2355 {oze
122 2264 187 2356 affl}
197 2265 254 2295 suae
266 2249 466 2306 praeeminentiae
480 2248 570 2294 decimo
584 2251 665 2307 quinto
680 2248 730 2295 fato
743 2251 865 2304 concessit,
881 2266 918 2295 sa·

67 2326 113 2356 urs
189 2344 194 2356 ,
898 2326 900 2329 ’

247 2436 323 2480 Eolko
333 2434 442 2486 (Elaeus)
450 2434 608 2486 Lyauokama
616 2436 692 2480 abbas
700 2434 758 2479 XII.

59 2559 88 2617 d)
97 2558 170 2606 Eellro
179 2561 203 2605 in
213 2558 318 2605 defuncti
326 2556 421 2604 Pibonis
430 2559 474 2603 viri
483 2555 618 2614 spectabilis
629 2556 706 2603 locum
716 2556 820 2604 succedit
830 2560 919 2615 praesi-

60 2619 131 2666 dente
142 2618 252 2665 electioni
262 2617 290 2664 Dr
302 2617 403 2675 Popteto
414 2622 482 2675 patre
494 2616 578 2662 abbate
590 2615 659 2663 Horti
671 2616 699 2663 D.
711 2616 820 2674 Virginis.
833 2617 878 2664 Hic
890 2635 920 2664 ex

60 2678 132 2725 nobili
146 2677 379 2737 Lyauckamanorum
393 2676 483 2723 familia
497 2675 616 2731 oriundus,
631 2675 661 2722 ab
676 2678 733 2734 ipsis
747 2676 878 2733 unguiculis
894 2678 920 2736 e)

85 2800 105 2842 a)
130 2800 207 2843 cnoro:
513 2797 534 2840 b)
559 2807 612 2834 om:
634 2798 714 2836 Tenella
729 2819 753 2824 -
768 2798 869 2843 profectu

84 2850 103 2891 c)
128 2850 186 2887 add:
211 2847 371 2891 (camenartam);
709 2874 711 2876 -

84 2899 105 2942 d)
130 2898 329 2942 tenerrimarum

85 2949 104 2991 e)
130 2949 171 2985 Hs:
183 2948 308 2991 unguiculas

87 3048 94 3083 1
118 3043 125 3078 l
146 3045 238 3083 October.
