2121 3546
540 200 569 245 48

126 319 251 373 nobiscum,
266 336 280 365 0
294 322 420 374 insensate.
435 319 520 367 stolide
533 326 557 367 et
570 320 710 379 hypocrita!
733 323 854 367 accessisti
867 323 986 378 corripere

126 398 167 427 nos
180 380 245 427 velut
257 383 347 438 imples,
362 381 482 431 adulteros
495 387 519 428 et
532 381 608 428 ebrios
621 399 625 435 ;
647 384 712 439 ipsus
720 404 721 407 ¹
725 387 836 440 peccator
849 387 873 428 et
886 380 985 435 ebrius.''

130 443 170 487 iiie
181 443 332 499 stupefactus
339 460 368 489 ex
379 445 500 500 inopinata
511 443 623 490 violentia
633 460 710 501 neque
721 455 863 502 quemquam
873 446 914 502 qui
925 444 987 490 ferat

132 507 246 558 apparas
278 519 383 556 cernens,
416 501 537 561 „Ecquis''.
569 505 651 560 inquit,
684 508 801 558 „vestrum
817 520 854 549 me
870 504 929 549 vidit
945 519 987 560 po-

128 566 176 607 tum
188 562 246 620 a)?''
260 562 369 617 ,.Immo'’.
383 565 499 621 inquiunt.
513 569 552 619 „te
564 569 624 622 potu
637 563 749 611 obrutum
762 581 804 610 ore
817 566 935 622 egessisse
948 581 985 610 re-

132 627 219 678 vmptum
231 627 326 679 praeter
339 623 435 670 modum
446 624 557 681 poculum
569 629 662 682 tuaque,
676 641 706 670 ne
719 623 936 681 deprehendereris.
950 640 987 669 re-

126 688 220 739 ceptum
235 682 349 730 manica''.
365 713 396 719 -—
409 684 483 739 ,„lte'’,
500 687 581 743 inquit.
600 685 729 739 „consulite
745 687 849 731 manicas
865 684 915 731 tale
930 684 988 742 quid

126 743 278 791 referentes''.
296 745 415 792 consultis
432 749 525 793 tunicae
541 749 638 793 manicis
655 746 768 793 florentes
786 746 894 793 dicuntur
910 746 987 792 offen·

128 805 191 851 disse
202 822 276 852 rosas.
290 805 350 852 Hinc
362 810 398 852 ira
409 810 493 866 perciti
504 810 581 865 ipsum
593 818 693 865 magum.
707 811 858 866 impostorem
872 807 987 854 diabolico

128 871 231 911 utentem
241 867 360 923 praesidio
371 867 536 922 vociferantur.
548 886 591 915 nec
602 885 654 915 sese
665 868 727 914 ultro
738 873 871 926 temperant
882 885 887 922 ;
907 884 988 924 arrep-

129 933 153 971 to
166 927 250 973 baculo
263 930 351 984 ingenti
364 929 437 983 caede
450 929 541 984 inflicto
554 932 625 987 capiti
639 929 742 985 vulnere,
756 935 782 976 ut
795 946 865 976 cruor
885 931 988 986 parietes

127 998 280 1049 respergeret.
305 994 383 1049 ipsum
404 992 555 1045 interficiunt,
579 991 729 1038 Interfectum
752 992 857 1038 fenestra
873 994 896 1038 in
913 993 989 1049 ipsam

128 1055 216 1099 fossam
227 1071 241 1100 e
270 1054 363 1100 sublimi
375 1056 476 1100 eiiciunt
490 1053 585 1100 Summo
597 1070 665 1100 mane
678 1054 706 1111 b)
718 1071 748 1099 ex
761 1058 926 1111 praetereunte
939 1053 988 1099 foe-

127 1118 196 1168 mina,
212 1115 328 1172 prodente
343 1118 419 1172 ipsum
434 1117 533 1162 vestium
547 1114 656 1168 candore.
673 1115 702 1160 de
717 1114 790 1161 caede
805 1117 917 1160 certiores
932 1114 990 1160 iacti
1027 1123 1029 1127 ⁴

128 1193 217 1229 omnem
234 1186 333 1232 magnae
348 1176 430 1222 turbae
446 1181 575 1222 moventur.
592 1175 700 1222 Cadaver
716 1177 930 1222 verosanctissimi
945 1177 989 1221 viri

128 1237 158 1281 ad
169 1239 337 1282 monasterium
348 1235 453 1282 delatum
463 1238 487 1281 in
497 1238 550 1292 ipso
560 1252 727 1282 conversorum
738 1235 809 1282 choro
820 1240 889 1293 parte
900 1234 990 1281 boreali

130 1297 263 1344 tumulatur.
279 1297 416 1344 HomIcidae
431 1297 485 1343 dolo
499 1299 543 1343 viri
556 1297 679 1343 cuiusdam
692 1296 776 1343 nobilis
790 1298 845 1354 pagi
860 1298 883 1342 in
898 1296 990 1343 Boxum

129 1361 197 1416 capti,
213 1359 274 1415 palis
289 1358 357 1404 affixi
371 1358 467 1404 flamma
481 1358 660 1412 interficiuntur,
675 1358 795 1404 scrobibus
810 1359 892 1415 injecti
905 1374 990 1404 canum

131 1436 194 1465 more
211 1422 340 1477 quiescunt,
358 1418 438 1476 Ipsum
454 1424 558 1465 castrum
575 1418 680 1466 fundItus
697 1421 816 1473 evertitur.
834 1421 884 1476 agri
901 1435 988 1472 omnes.

129 1481 154 1537 c)
164 1483 268 1525 nescitur
278 1496 325 1537 qua
335 1482 432 1533 ratione,
445 1479 608 1526 abalienantur
619 1480 648 1538 d)
655 1484 753 1537 totaque
763 1479 805 1524 illa
816 1480 991 1536 possessionum

132 1541 261 1587 iurisdictio
282 1544 349 1598 perit.
371 1540 447 1597 ipsius
467 1540 590 1586 cadaveris
610 1538 711 1587 tran'situ
731 1545 787 1587 voto
806 1542 947 1586 rusticorum
966 1542 990 1586 in

130 1602 187 1648 Buir
199 1605 207 1625 ¹
220 1603 374 1656 satisfaciens.
388 1607 492 1649 mortuus
505 1618 604 1660 corpore
617 1604 695 1648 anima
707 1602 808 1648 feliciter
820 1604 880 1648 inter
893 1601 990 1648 coelites

130 1666 216 1715 nivens,
237 1666 396 1709 coemiterium
415 1666 520 1720 ipsorum
539 1663 586 1708 levi
605 1662 710 1719 pluviola
736 1662 833 1708 coelesti
860 1667 989 1708 consecrat¹

131 1723 243 1780 siequenti
257 1729 363 1781 tempore
377 1726 507 1770 sanctitatis
522 1726 656 1781 opinionem
669 1726 731 1769 vitae
745 1726 834 1769 meritis
848 1724 990 1780 relinquens.

133 1786 199 1830 ¹>ditis
210 1785 328 1831 miraculis
339 1784 452 1831 claruisse
464 1786 555 1831 dicitur.
566 1784 637 1830 Anno
650 1787 707 1830 1428
718 1786 866 1831 eminentiori
876 1785 957 1831 tumba
968 1787 991 1830 in

133 1848 254 1902 {rorteriori
264 1863 345 1892 sacrae
354 1847 419 1892 aedis
429 1851 496 1903 parte
505 1864 519 1893 a
528 1845 657 1892 venerabili
665 1845 693 1892 D.
703 1845 719 1892 J
720 1861 796 1892 canuc
805 1845 898 1903 Keppel
907 1846 992 1892 abbate

138 1907 236 1952 lirratus
245 1910 350 1964 quiescit.
360 1907 417 1953 Plus
425 1924 496 1964 quam
505 1907 670 1953 detestandum
678 1906 828 1953 homicidium
836 1907 922 1953 accidit
930 1923 992 1953 anno

136 1972 188 2014 2:332
201 1969 277 2026 pridie
289 1971 476 2015 annunciationis
488 1969 607 2026 Deiparae
619 1971 634 2014 ².

325 2092 420 2144 Kompo
432 2094 455 2144 e)
468 2094 497 2137 de
508 2092 627 2145 Weiidom
639 2093 714 2137 abhas
725 2092 797 2137 XIII.

132 2217 276 2264 Coenobitae
288 2215 449 2262 Lidlomenses
463 2215 520 2260 facti
533 2214 677 2271 turpitudine
690 2214 892 2271 praetermodum
905 2217 991 2269 tristes.

133 2280 263 2336 desperatis
281 2277 350 2323 rebus
368 2276 425 2334 quid
442 2280 519 2332 agant.
537 2292 584 2333 quo
602 2291 627 2321 se
644 2280 744 2329 vertant,
762 2292 859 2333 prorsus
876 2278 991 2333 ignorant.

135 2340 259 2396 Nunquam
272 2339 347 2383 fatum
359 2336 418 2382 illud
430 2335 580 2382 ineluctabile
592 2334 709 2382 mentibus
722 2335 816 2382 illorum
829 2337 938 2384 excidere
951 2353 992 2395 po·

155 2525 175 2564 al
200 2524 258 2561 add:
277 2523 399 2566 cicinum:

158 2574 179 2615 b)
203 2574 278 2610 lemma
296 2574 394 2610 transiens
411 2573 489 2615 partem
507 2571 567 2615 panni
586 2571 663 2607 candidi
682 2573 846 2614 supernatantem
864 2573 993 2616 conspiciens,

132 2625 224 2668 proprius
240 2624 335 2660 accedens
350 2623 414 2665 ipsum
431 2623 523 2659 abbatem
539 2622 626 2658 ostendii
641 2623 741 2658 mortuum
758 2624 779 2658 et
794 2622 927 2659 interiectum.
944 2624 993 2660 Sub·

132 2675 173 2710 lato
187 2674 273 2710 clamore
288 2674 352 2709 totum
365 2680 439 2715 pagum
453 2671 565 2712 commovit.
580 2671 611 2707 Fit
623 2671 731 2707 multorum
746 2671 771 2707 ad
784 2671 877 2708 miserum
891 2674 911 2709 ei
925 2672 993 2709 flebile

132 2723 265 2766 spectaculum
276 2723 377 2758 bominum
388 2730 500 2758 concursus.
512 2720 607 2763 Ereptum
618 2720 702 2756 cadaver
708 2732 716 2764 ;

156 2773 175 2813 c)
200 2782 253 2808 om:
270 2772 356 2808 nescitur
369 2780 406 2814 uua
417 2770 496 2807 ratione
503 2781 510 2812 ,·
588 2774 591 2776 ’

156 2822 177 2863 d)
202 2830 255 2858 om:
276 2823 357 2863 totaque
370 2841 394 2846 —
407 2821 525 2863 consectam

156 2871 176 2913 e)
202 2871 299 2914 Veidom;

158 2972 165 3006 l
193 2970 249 3014 Boer,
263 2969 355 3006 tusschen
368 2968 468 3005 Francker
481 2978 505 3005 en
519 2967 656 3005 Leeuwarden.

157 3020 168 3056 2
193 3019 216 3055 24
228 3017 298 3054 narrt.
