2121 3546
500 254 514 296 7

71 380 194 425 ,structura
212 377 302 429 crescit,
322 390 391 431 opem
410 371 539 420 terentibus
558 375 616 431 ipsis
636 389 735 431 quorum
755 375 874 426 intererat,
894 374 939 418 viri

76 433 137 486 tanti
152 437 258 482 favorem
274 441 298 482 et
314 437 414 492 gratiam
430 437 549 493 consequi.
568 435 627 482 Cum
645 434 757 481 iratribus
776 433 845 481 simul
863 433 938 480 relec-

79 501 163 546 torium
188 498 293 555 quotidie
319 499 408 543 intrans
435 497 518 542 iisdem
544 499 617 543 utitur
643 496 734 550 eduliis,
761 513 805 542 nec
831 495 937 542 lautioris

76 561 201 617 quicquam
227 557 336 603 admittit.
364 557 392 614 u)
418 556 470 602 Imo
495 558 589 603 novitiis
617 556 745 614 aliquando
774 556 855 602 datum
883 572 938 601 con-

76 624 129 673 stat¹
150 635 196 676 quo
217 618 281 665 iacto
301 618 401 664 fratrum
421 620 444 663 in
465 635 491 664 se
511 634 614 664 amorem
635 634 783 674 summopere
805 619 937 663 concitavit.

77 680 152 728 Nudis
178 679 278 737 pedibus
304 680 388 726 diurna
414 684 575 736 nocturnaque
594 696 662 726 sacra
681 678 810 733 celebrans,
830 677 937 725 omnibus

77 743 185 800 perpetui
198 743 221 793 in
235 741 311 788 Deum
325 740 445 798 Optimum
458 741 589 787 Maximum
603 742 702 787 fervoris
715 741 838 798 exemplar
853 742 936 795 extitit,

76 820 120 850 nec
131 802 274 849 chameuniis
285 802 395 860 humique
407 801 584 849 dormitionibus
596 803 731 860 frequenter
743 803 862 856 abstinuit,
875 802 938 848 unde

75 870 98 911 et
114 880 219 910 summae
234 881 276 921 per
292 864 392 909 Frisiam
407 869 481 910 totam
497 866 665 910 aestimationis
682 866 793 918 existens,
810 863 938 910 multorum

76 928 166 972 animos
184 925 214 971 ad
232 926 355 971 ditandum
371 928 419 971 suis
437 927 604 972 monasterium
622 925 786 971 donationibus
804 927 936 971 commovit.

76 986 173 1045 Sylvani
183 988 191 1032 ,²
201 1003 292 1044 nempe,
303 1003 402 1044 quorum
412 992 467 1033 tunc
477 996 562 1043 magna
572 990 596 1032 in
607 989 721 1044 cespitum
732 986 818 1033 lodinis
829 990 937 1044 potentia

76 1048 160 1101 luerat,
186 1064 276 1094 summo
301 1050 376 1093 sancti
393 1050 467 1105 patris
485 1065 565 1094 amore
582 1051 652 1106 capti,
671 1047 698 1106 b)
715 1053 791 1095 totum
807 1058 894 1106 pagum
912 1050 935 1093 in

76 1107 227 1154 Bachaleen²
241 1110 287 1165 ipsi
299 1108 362 1154 ultro
375 1109 486 1162 offerunt,
501 1107 574 1166 c)ubi
588 1110 699 1165 evestigio
714 1108 808 1166 abipso
823 1109 854 1154 ad
868 1125 936 1154 sacra

75 1171 167 1215 invitati
182 1174 205 1215 et
219 1171 243 1215 in
258 1169 310 1226 lege
325 1172 408 1216 summi
423 1170 468 1216 Dei
483 1169 577 1224 eruditi;
594 1169 718 1216 ecclesiam
733 1172 791 1227 ipsis
807 1172 881 1227 erigit,
898 1172 936 1217 cui

75 1228 103 1274 D.
115 1227 234 1284 Virginem
245 1228 370 1275 tutelarem
381 1231 512 1286 praeponit.
524 1245 595 1286 quam
607 1234 630 1275 et
641 1229 734 1275 Mariae
746 1229 842 1275 Curiam
854 1229 935 1286 appel·
951 1230 953 1233 ’

75 1289 119 1335 lari
132 1289 212 1335 voluit,

74 1355 114 1401 Ad
126 1354 296 1412 prohibendam
307 1354 377 1398 maris
390 1352 447 1398 salsi
458 1350 640 1406 inundationem,
654 1351 800 1408 frequentius
812 1356 936 1398 ventorum

73 1415 246 1473 aquilonarium
254 1417 277 1461 vi
286 1415 444 1468 tumescentis,
455 1415 512 1470 ipsis
523 1414 571 1459 suis
582 1412 693 1459 fratribus
704 1417 791 1467 astans,
802 1414 831 1471 d)
842 1419 935 1470 sumpto

74 1477 152 1534 ligone
165 1477 196 1523 ad
210 1492 324 1522 summam
337 1474 502 1521 lassitudinem
514 1475 581 1520 suam
594 1474 703 1520 laborare
716 1473 780 1521 haud
794 1475 890 1521 destitit.

75 1536 172 1590 Quoties
198 1535 229 1581 ad
254 1535 421 1581 monachorum
446 1550 542 1580 suorum
560 1539 670 1579 externas
688 1537 856 1590 possessiones,
875 1550 935 1591 quas

74 1600 197 1655 garangias
211 1601 302 1651 vocant.
317 1598 392 1642 iturus
406 1600 463 1650 erat,
479 1604 576 1652 magnas
590 1612 722 1653 pauperum
735 1601 842 1642 catervas
858 1597 935 1653 ipsum

72 1664 197 1717 sequentes
216 1658 303 1713 habuit,
322 1657 406 1715 quibus
425 1673 481 1703 vera
500 1656 615 1703 charitate
633 1656 724 1714 plenus¹
744 1660 809 1715 prius
828 1674 935 1704 mensam

72 1723 153 1779 parari
174 1725 197 1766 et
219 1722 292 1766 sterni
313 1721 410 1773 curavit,
434 1721 486 1776 ipso
508 1720 641 1765 etiamnunc
665 1721 742 1764 ieiuno
766 1719 934 1776 praestolante.
987 1753 989 1759 .
1025 1759 1028 1770 2

72 1782 161 1828 Tantus
176 1783 266 1838 inipso
282 1781 375 1828 divinae
389 1779 593 1837 contemplationis
608 1780 686 1825 iervor
702 1779 846 1835 flammabat,
862 1786 888 1827 ut
903 1781 934 1828 ad

74 1846 168 1902 quasvis
180 1845 315 1889 occasiones
327 1858 443 1899 supernae
455 1841 585 1891 dulcedinis
597 1858 691 1896 memor.
704 1842 790 1888 fratres
803 1842 934 1890 sacellanos

73 1909 211 1963 praesentes
223 1905 254 1951 ad
266 1903 366 1950 similem
377 1905 461 1949 mentis
474 1902 625 1960 splendorem
636 1903 777 1950 hortaretur.
791 1903 895 1950 Choreas
908 1907 934 1963 e)

73 1967 188 2021 virginum
196 1967 220 2009 in
229 1964 245 2010 J
246 1964 322 2010 eslum
330 1966 338 1987 ³
347 1965 395 2010 suis
404 1965 528 2009 comitatus
538 1963 649 2009 fratribus
660 1967 805 2020 praeteriens
815 1964 934 2022 pauloque

73 2044 87 2073 a
104 2028 142 2072 via
158 2025 252 2083 publica
269 2024 406 2079 deflectens,
424 2027 592 2081 interpretatus
610 2029 646 2071 est
662 2024 808 2083 Angelorum
825 2028 849 2072 in
866 2026 933 2073 coelo

72 2085 200 2143 tripudium
209 2086 225 2139 ἦ
235 2085 257 2143 i)
267 2084 348 2141 longas
358 2086 467 2131 nimirum
476 2086 499 2129 in
509 2086 592 2130 itinere
602 2087 675 2130 series
685 2089 820 2140 contexens,
831 2090 933 2143 quantus

73 2149 103 2193 sit
121 2146 202 2193 dulcor
220 2145 335 2200 coelestis,
353 2150 467 2202 quantum
485 2145 595 2202 gaudium
613 2151 636 2192 et
654 2145 770 2193 exultatio
786 2164 873 2202 eorum,
892 2150 933 2205 qui

95 2389 115 2430 a)
141 2389 165 2424 Et
177 2388 194 2424 si
206 2389 252 2430 quid
263 2388 374 2425 huiusmodi
387 2389 470 2425 aliatum
481 2390 540 2431 esset
552 2389 632 2425 novitiis
644 2390 669 2425 ab
680 2388 715 2425 iiio
729 2390 796 2426 datum
808 2392 896 2433 constat·

96 2437 117 2479 b)
141 2437 249 2473 latissimos
259 2446 320 2480 agros
326 2448 334 2479 ;

94 2486 113 2527 c)
138 2495 162 2523 eo
180 2485 283 2528 protectus
301 2495 373 2522 noram
391 2486 494 2529 capeliam,
512 2485 588 2523 Mariae
607 2486 685 2523 Curiam
704 2488 728 2524 ab
746 2488 791 2531 ipso
810 2488 931 2525 nominatam

72 2535 171 2578 instituit;

95 2584 117 2626 ri)
141 2584 194 2620 haud
207 2584 326 2627 dedignatur
338 2585 451 2621 restaurare
465 2594 525 2628 agros
538 2585 626 2621 marinos
632 2596 640 2628 ;

93 2633 113 2675 e)
137 2643 191 2669 om:
209 2633 322 2677 virginum

94 2683 111 2725 t)
142 2682 224 2725 longam
236 2684 296 2719 nabet
308 2683 332 2719 de
344 2682 449 2720 celestibus
462 2683 565 2726 spirituum
578 2683 661 2726 choreis,
674 2683 761 2726 tripudio
774 2687 794 2721 et
807 2685 931 2723 exultatione

71 2732 187 2774 angelorum
196 2732 314 2773 orationem,
323 2733 396 2773 quanta
405 2732 485 2768 celitum
491 2731 565 2773 leticia,
575 2733 607 2769 ubi
618 2733 660 2774 quis
669 2734 738 2775 spreto
747 2734 821 2770 mundo
832 2733 931 2771 Christum

71 2789 165 2823 sponsum
178 2779 266 2821 sequitur
272 2791 280 2822 ,-

66 2920 68 2922 v
96 2879 103 2914 1
131 2877 235 2913 Bewoners
249 2877 283 2914 der
296 2877 450 2915 Zevenwouden.

93 2928 105 2964 2
130 2926 252 2972 Bakkeveen,
264 2937 300 2963 aan
312 2926 336 2963 de
348 2926 459 2971 Oostgrens
471 2938 508 2964 van
520 2926 626 2965 Friesland.

94 2976 105 3011 3
130 2975 151 3011 In
162 2974 332 3012 Ferwerderadeel
343 2978 376 3012 ten
387 2975 416 3013 W.
428 2987 465 3013 van
476 2976 582 3021 Dokkum;
600 2979 641 3013 niet
652 2976 729 3022 Jeilum,
741 2979 779 3022 vgi.
792 2978 854 3015 Gesta
865 2990 883 3023 p.
897 2981 930 3017 120

93 3074 105 3110 4
129 3024 260 3116 ididiam
