2121 3546
575 227 605 271 80

158 347 229 393 Anno
240 350 269 393 59
279 346 401 404 Philippus
411 364 455 394 rex
465 346 603 419 Catholicus
613 346 753 405 Hispaniam
763 345 883 405 repetens,
895 347 979 404 Brugis
990 349 1017 405 ιι)

160 409 264 452 omniurn
298 409 475 464 provinciarum
511 408 636 464 primarios
673 412 798 453 convocat.
836 406 938 454 Rursum
965 424 1019 454 cum

160 465 236 511 tribus
283 465 404 523 deputatis
452 464 527 512 abbas
575 482 604 512 eo
651 465 774 524 proiectus
822 467 873 523 regi
919 465 1019 513 abeunti

161 539 264 580 suasque
313 526 449 581 provincias
500 524 596 580 singulis
646 524 801 571 transferenti
851 524 1019 572 defensoribus

160 587 258 639 praesto
292 588 336 629 est.
370 583 472 629 Domum
505 584 608 638 rediens,
642 593 743 641 magnae
777 585 823 642 ipsi
858 583 889 630 de
924 583 1019 631 abbatis

161 641 257 688 Henrici
267 641 368 688 Smenck
380 641 449 688 Horti
459 642 551 689 Mariae
562 643 706 690 deteruntur
711 642 883 700 prodigalitatis
895 643 1021 700 quaerelae

161 703 190 750 ob
203 704 310 750 assiduas
323 704 454 751 debitorum
466 707 608 754 exactiones
622 704 704 751 Funct'
687 709 775 751 tronem
788 721 881 763 quoque
894 705 1013 751 sordidam

161 768 214 823 ipsa
227 765 299 812 Curia
312 765 426 813 lsbrando
439 765 544 821 mandat.
558 766 627 813 huius
641 783 729 813 causae
742 771 780 813 rat
781 769 860 813 ionem
873 766 969 814 habeat.
983 766 1019 814 Re

161 824 281 871 intellecta
292 842 322 871 ex
333 825 465 871 Curialibus
477 828 585 872 comitem
596 828 691 883 expetit.
704 828 744 883 qui
755 825 824 872 rebus
837 843 851 873 a
862 843 888 872 se
899 830 1021 883 praestan·

163 887 198 933 dis
210 892 236 933 ut
247 892 325 934 certus
337 889 403 933 testis
416 887 484 933 adsita
498 886 550 939 Quo
562 889 686 944 impetrato
699 887 783 934 Petrus
796 887 903 934 Dekama
915 889 923 911 ²
935 904 1022 934 causae

162 949 339 1006 cognoscendae
356 949 457 996 additur,
475 949 503 1007 b)
519 950 560 996 Ad
577 948 677 996 Hortum
694 949 800 1006 proiecti,
818 955 913 1007 praeter
930 967 1023 997 omnem

162 1013 351 1069 expectationem
361 1012 485 1065 redituum,
497 1014 656 1069 pecuniarum,
670 1011 801 1058 debitorum
813 1029 939 1070 rerumque
950 1012 1022 1059 mobi-

163 1074 220 1120 lium
232 1076 347 1120 rationem
361 1076 463 1130 exigunt.
478 1072 522 1119 Ille
535 1090 565 1119 ex
579 1091 605 1119 re
618 1078 667 1119 tam
674 1072 766 1120 difficili
777 1079 922 1132 praeterque
934 1091 1021 1132 expec-

163 1138 276 1182 tationem
289 1136 441 1193 stupelactus.
456 1135 519 1193 quod
532 1136 638 1193 proferat
652 1135 682 1182 de
695 1137 786 1181 ratione
800 1133 953 1181 subducenda
965 1132 1023 1179 nihil

163 1198 240 1244 habet.
255 1197 373 1244 Concesso
385 1197 584 1244 hebdomadarum
597 1200 668 1244 trium
680 1200 688 1221 ²
702 1196 848 1243 deliberandi
860 1198 937 1253 spatio
950 1212 976 1241 re
988 1198 1023 1241 in·

164 1261 226 1306 lecta
237 1259 330 1306 abeunt.
342 1259 493 1316 Quantopere
503 1265 552 1305 tam
562 1261 708 1316 inopinatum
718 1264 742 1305 et
752 1275 799 1304 non
810 1260 919 1304 meritum
931 1256 1023 1303 lsbran-

164 1322 188 1368 di
200 1322 289 1368 lactum
300 1324 376 1378 ipsum
389 1320 517 1368 Hernicum
527 1323 631 1374 moverit.
644 1337 691 1366 non
704 1325 740 1366 est
751 1320 847 1366 reterre.
859 1319 954 1365 Interea
966 1324 1023 1365 tem·

164 1386 228 1440 poris
241 1383 368 1429 Isbrandus
380 1382 449 1429 homo
461 1383 528 1429 valer
540 1388 563 1429 et
575 1381 682 1436 callidus,
695 1383 840 1438 perspiciens
853 1380 897 1427 sibi
910 1397 960 1427 rem
972 1397 1024 1427 esse

165 1462 218 1491 cum
229 1450 297 1501 patre
310 1445 400 1498 abbate,
414 1461 486 1501 seque
498 1461 526 1490 ea
538 1461 599 1501 quae
613 1444 742 1490 destinarat
754 1442 843 1500 absque
856 1445 921 1489 iussn
933 1442 1024 1489 abbatis

164 1507 310 1564 Steynveldii
318 1509 392 1563 patris
401 1505 491 1552 abbatis
500 1510 622 1563 praestare
630 1522 676 1551 non
686 1521 756 1563 posse
764 1521 777 1551 c
778 1506 797 1563 1,
806 1507 877 1551 misso
885 1504 958 1551 celeri
965 1521 1024 1552 nun·

163 1568 199 1612 cio
208 1570 263 1612 ante
272 1570 384 1612 statutum
393 1567 516 1611 terminum
525 1565 605 1611 literas
614 1564 710 1618 obtinet.
719 1564 802 1621 quibus
810 1566 845 1610 rei
853 1566 925 1610 totius
934 1579 1025 1609 summa

166 1625 236 1682 pleno
252 1627 303 1682 iure
316 1627 361 1682 ipsi
375 1630 400 1670 ut
414 1626 530 1670 visitatori
543 1626 701 1670 committitur.
716 1622 831 1681 Tempore
846 1623 910 1669 dicto
923 1623 1024 1677 rediens,

166 1692 259 1744 sumpto
270 1690 354 1733 comite
365 1687 479 1743 praelato.
491 1686 591 1732 eandem
601 1702 673 1743 quam
683 1687 748 1743 prius
759 1690 885 1742 praesente
896 1684 1026 1731 Doccuma-

167 1765 198 1794 no
209 1748 314 1795 Henrico
324 1749 434 1796 Kesselio
448 1749 563 1794 rationem
577 1749 655 1803 exigit,
670 1747 734 1805 quod
749 1744 805 1793 dum
819 1747 872 1793 lieri
886 1749 973 1804 nequit,
989 1751 1026 1793 ut-

166 1812 222 1865 pote
240 1808 303 1866 quod
320 1808 388 1854 huius
406 1825 525 1866 nunquam
543 1812 686 1863 meminerat.
705 1812 782 1866 ipsum
801 1808 853 1856 loco
871 1814 895 1855 et
913 1808 1026 1866 dignitate

167 1874 255 1916 motum
268 1872 369 1916 carceris
383 1870 487 1927 squalori
501 1881 586 1928 magna
599 1873 725 1917 severitate
738 1873 864 1928 mancipat.
879 1870 972 1917 Novum
986 1870 1026 1917 ab·

167 1932 245 1977 batem
269 1931 297 1977 D.
315 1931 471 1978 Godelridum
495 1931 601 1989 Sylvium
618 1931 762 1979 Brabantum
779 1931 894 1979 electione
911 1935 1027 1979 communi

167 1995 346 2051 pronunciatum
358 1993 467 2040 abbatem
478 1996 524 2051 ipsi
536 1994 685 2041 substituunt

197 2055 268 2101 Anno
282 2055 402 2101 Dominil
392 2058 449 2101 1566
464 2055 540 2112 pridie
555 2054 684 2102 natalisD
699 2055 801 2114 Virginis
818 2058 825 2079 ³
841 2055 869 2102 111
884 2056 1027 2103 Leoverdiae

168 2116 286 2173 religionis
307 2119 411 2163 mutatio
432 2116 524 2163 Civium
542 2116 651 2175 plerique
669 2118 765 2164 ditiores
786 2121 874 2165 vocatis
895 2118 926 2165 ad
946 2118 1029 2165 urbem

168 2178 259 2225 occulte
269 2178 471 2226 concionatoribus
481 2178 631 2236 Ζιι1ιιξῙίειιιίε
642 2179 746 2226 Antonio
757 2185 781 2226 et
791 2180 895 2227 Martino
905 2182 1026 2239 apostatis,

169 2241 290 2294 negotium
301 2238 341 2284 diu
353 2238 457 2285 celatum
468 2239 566 2286 tandem
577 2256 621 2297 per
633 2241 681 2285 vim
690 2241 817 2311 aperiuntf.
825 2239 900 2287 Facto
908 2242 1026 2298 timpano·

168 2315 220 2344 rum
229 2298 352 2356 compulsu
361 2298 392 2344 ad
401 2315 467 2345 arma
476 2304 589 2345 vocantur
599 2301 728 2356 sagittarii
722 2301 835 2356 inprimis
846 2298 894 2347 Sub
904 2316 1029 2357 vesperum

169 2360 254 2404 armati
269 2358 352 2404 aedem
367 2375 459 2405 sacram
474 2358 503 2417 d)
518 2361 654 2416 primariam
669 2361 766 2413 irruunt,
783 2363 873 2406 statuas
890 2376 970 2406 omnes
988 2359 1028 2406 de-

171 2419 259 2474 jiciunt,
277 2434 331 2463 aras
348 2417 492 2472 subvertunt¹
510 2417 598 2476 templo
615 2417 738 2465 ruderibus
755 2423 861 2475 purgato.
880 2418 947 2465 illata
964 2418 1029 2466 calce

169 2481 306 2533 incrustant,
321 2484 347 2526 ut
361 2496 391 2525 ne
405 2481 528 2536 vestigium
543 2479 734 2537 praecedentium
749 2482 930 2537 conspiceretur,
962 2479 1029 2538 Ipsos

170 2543 345 2587 concionatores
356 2547 446 2588 armato
456 2541 530 2587 milite
540 2544 654 2599 ingerunt.
666 2540 830 2596 Concionatur.
842 2547 957 2596 cantatur,
968 2541 1029 2589 ludi·

170 2606 214 2654 tur,
230 2603 282 2658 ipso
297 2601 357 2647 festo
372 2600 458 2647 natalis
474 2600 568 2647 Domini
582 2617 656 2647 coena
671 2600 765 2648 Domini
779 2618 844 2648 more
859 2601 1030 2649 haereticorum

238 2700 329 2743 311ιὲ33,-

194 2699 687 2791 111ιιι-1111111,ιιιιιιιηαειιιιιι
700 2739 963 2793 renoncnnnonommr
976 2750 1029 2794 1566,-

193 2797 213 2838 c)
238 2797 263 2833 A:
274 2799 351 2840 posset·
640 2797 662 2839 d)
687 2798 710 2835 D
723 2797 767 2834 Vin.

196 2870 203 2906 1
230 2869 272 2907 Piet
264 2872 295 2907 ter
306 2879 342 2905 van
355 2868 449 2914 Dekama,
461 2871 568 2912 gestorven
581 2869 632 2914 1568,
644 2878 685 2907 was
696 2869 793 2912 grietman
806 2879 843 2906 van
857 2868 1005 2906 Baarderadeel.

194 2920 205 2957 2
230 2919 251 2956 In
262 2919 287 2956 de
297 2919 343 2957 Vita
354 2918 432 2957 Henrici
445 2918 542 2956 Smenck:
559 2921 606 2956 octo
618 2918 785 2957 hebdomadarum
796 2918 868 2963 spatio.

195 2970 206 3053 l
230 2968 417 3054 ltdiolbtirribllicolai
431 3028 455 3053 en
468 3016 566 3054 Martinus
580 3016 657 3055 Eliacus
671 3027 737 3054 waren
750 3015 911 3060 geretormeerde
924 3015 1029 3060 predikan·

230 3067 264 3101 ten
276 3065 305 3101 uit
317 3064 397 3109 Emdcn‚
410 3065 439 3101 zie
452 3063 468 3101 J.
481 3063 574 3109 Reitsma
586 3063 681 3102 Honderd
694 3064 751 3107 jaren
763 3065 792 3102 nit
804 3064 829 3101 de
842 3063 981 3101 Gesch'iedenis
994 3063 1029 3100 der

231 3114 369 3160 Hervorming,
383 3113 519 3160 Leenwarden,
534 3113 585 3160 1876,
598 3124 616 3159 o.
632 3114 670 3152 126.
