2121 3546
486 280 516 323 29

286 401 407 445 Henricus
421 401 525 445 Smenok
537 402 612 446 abbas
625 399 721 445 XXIX.

75 523 177 570 Humato
200 539 305 580 corpore,
329 527 426 569 vocatus
448 521 593 570 Godelridus
616 523 643 581 n)
659 521 788 568 Svollensis
804 524 828 567 in
844 520 935 567 Lidlom

75 583 147 630 abbas
156 582 265 629 electioni
273 582 420 640 praesidens;
430 582 459 628 D,
469 582 584 629 Henricus
594 583 608 629 b
608 582 741 641 )Volvegae
749 580 851 628 Smenck
860 580 934 635 Friso¹

75 645 211 691 monasterii
220 645 291 700 prior,
302 642 331 689 ob
341 659 456 689 summam
465 643 604 689 modestiam
614 642 720 689 omnibus
731 647 811 700 gratus
823 643 934 696 existens,

75 704 147 751 abbas
160 706 258 750 univoce
271 703 370 760 eligitur.
384 703 410 761 c)
422 703 464 749 Vir
476 702 579 749 moribus
592 703 734 757 commodus,
748 702 822 749 civilis
836 707 860 747 et
873 702 934 748 atla·

76 763 129 811 bilis
145 780 240 810 suarum
254 780 333 810 rerum
348 763 507 821 neglegentior
523 780 594 820 quam
609 780 652 821 par
668 767 725 809 erat.
757 763 807 809 Nec
823 765 936 820 pietatem

70 825 144 880 Pauli,
158 842 201 871 nec
213 825 314 871 aulicam
327 825 426 872 Joannis
438 827 511 872 vitam
523 827 609 872 imitari
621 830 663 883 pot
653 827 704 872 t.uit
718 825 814 872 Summa
827 824 935 870 socordia

1 896 2 899 ’
71 887 187 941 laborans,
200 886 286 933 multas
299 889 333 932 rei
345 886 405 932 bene
417 886 535 944 gerendae
547 889 682 933 occasiones
695 888 877 944 praetermittit;
892 902 935 932 nec

70 965 174 1007 unquam
189 948 219 994 de
233 948 385 995 subducenda
400 948 534 995 reddituum
548 951 639 994 ratione
654 948 776 1002 meditans,
792 947 851 994 mult
841 952 891 994 tam
905 964 936 993 ex

70 1027 125 1056 aere
136 1002 220 1055 alieno
225 1008 268 1055 sibi
279 1009 410 1055 molestiam
420 1009 516 1056 conflat.
528 1009 647 1056 Prioribus
660 1008 744 1058 debitis
756 1009 825 1067 plura
836 1008 934 1063 addens.

71 1074 158 1117 sensim
169 1073 192 1116 in
204 1080 314 1126 magnum
325 1073 418 1128 conject
418 1088 446 1117 us
458 1071 623 1125 discrimen,
602 1088 643 1116 vix
654 1071 717 1117 unde
728 1073 850 1144 emergat'
844 1087 934 1117 irruen-

76 1132 137 1179 tibus
155 1131 224 1178 simul
242 1132 385 1178 debitoribus
403 1132 473 1178 videt.
509 1132 622 1178 Attamen
640 1135 794 1189 quantumin
813 1134 864 1188 ipso
883 1132 934 1185 fuit,

78 1191 156 1246 tidem,
168 1193 268 1248 gratiam
276 1208 415 1248 omnemque
425 1191 594 1238 humanitatem
604 1193 727 1248 praestitit.
739 1191 818 1237 Rebus
829 1191 935 1237 omnibus

77 1253 209 1306 destitutus
225 1252 321 1299 Curiam
335 1252 520 1299 Leovardianam
535 1255 558 1298 in
573 1270 599 1299 se
614 1255 722 1299 concitat.
738 1253 842 1299 Vocatur
857 1252 935 1299 Lidlo·

71 1316 158 1360 mensis
171 1312 243 1359 abbas
257 1312 391 1367 Isbrandus,
404 1316 440 1359 vir
453 1315 578 1368 animosus,
592 1313 678 1367 audax,
693 1312 827 1371 eloquentia
840 1329 935 1370 promp-

71 1380 115 1421 tus¹
129 1375 158 1433 d)
170 1374 221 1428 Hic,
234 1374 316 1421 addito
328 1377 413 1420 comite
425 1377 585 1421 commissario
598 1375 669 1421 Petro
682 1374 789 1420 Delrama
802 1375 936 1420 consiliario

78 1436 213 1493 Maiestatis
229 1435 361 1482 Caesareae
377 1437 461 1492 jurato,
477 1436 569 1481 Mariae
584 1436 684 1482 Hortum
699 1441 818 1493 properat,
834 1438 937 1482 omnium

72 1499 108 1543 sui
120 1498 194 1544 oflicii
206 1513 320 1544 annorum
332 1501 440 1543 exactam
452 1499 568 1543 rationem
580 1498 714 1543 reddituum
726 1502 857 1555 extorquet.
872 1497 936 1543 Hen-

72 1561 134 1605 ricus
146 1576 176 1605 ex
187 1575 213 1604 re
224 1563 273 1604 tam
284 1561 406 1615 inopinata
417 1558 570 1616 stupetactus¹
583 1559 640 1616 quid
652 1563 707 1615 agat
719 1561 817 1616 ignorat.
830 1559 894 1616 quod
907 1558 937 1605 de

60 1622 162 1675 >ratione
180 1619 333 1672 subducenda
350 1637 380 1665 ne
397 1622 526 1666 somniarat
543 1637 653 1678 unquam.
671 1620 749 1666 Petita
768 1620 936 1667 deliberatione

77 1681 103 1738 e)
111 1686 164 1728 octo
173 1681 374 1727 hebdomadarum
381 1682 487 1728 inducias
496 1684 613 1738 impetrat.
623 1680 676 1739 t)Et
684 1682 748 1738 quod
757 1699 783 1727 se
792 1681 900 1728 abbatem
909 1682 936 1740 g)

77 1742 219 1798 primarium,
231 1740 405 1787 Lidlomensem
415 1743 467 1798 ipso
479 1740 614 1787 interiorem
627 1741 721 1795 diceret,
735 1741 862 1787 Isbrandus
875 1741 937 1787 clam

72 1799 143 1846 celeri
154 1800 269 1846 submisso
280 1799 456 1846 Steenveldiam
466 1802 553 1853 nuntio.
566 1800 636 1846 rebus
647 1799 771 1858 explicatis
783 1817 852 1846 omne
863 1803 936 1859 ipsius
982 1805 984 1807 ’

73 1859 217 1907 Steenveldii
232 1862 269 1917 ius
285 1863 308 1907 in
323 1861 457 1918 praelatum
471 1864 628 1918 consequitur.
644 1861 750 1908 Peractis
765 1862 871 1916 induciis,
888 1879 936 1908 mo·

72 1925 200 1969 nasterium
214 1925 305 1979 repetit.
321 1922 433 1968 Rationes
447 1925 578 1979 exiguntur,
593 1925 746 1980 pecuniarum
759 1925 806 1969 vim
820 1923 937 1970 occultam

81 1983 116 2039 lut
126 1983 233 2041 plerique
243 1983 431 2041 suspicabantur]
446 1986 524 2041 exigit.
536 1983 586 2030 Nec
597 1984 627 2030 de
637 1986 736 2031 nummis
748 2001 791 2030 nec
802 1984 937 2031 reddituum

27 2086 28 2089 ,
72 2043 201 2090 rationibus
215 2043 313 2090 verbum
325 2043 406 2097 ullum.
423 2043 557 2090 Convocato
572 2044 671 2101 collegio
686 2043 809 2099 Henricus,
825 2049 938 2103 tanquam

73 2105 286 2151 ecclesiasticorum
303 2105 416 2151 bonorum
434 2105 520 2159 helluo,
539 2105 704 2162 praefecturae
722 2106 837 2163 indignus,
857 2107 937 2153 otlicio

78 2168 184 2223 privatur
194 2166 221 2224 h)
231 2171 255 2212 et
264 2169 354 2213 carceri
364 2166 497 2214 includitur.
508 2166 654 2219 Quibusdam
664 2167 725 2213 hanc
736 2167 843 2214 Isbrandi
854 2173 937 2225 poten·

73 2229 130 2274 tiam
144 2227 228 2274 duram
241 2229 363 2274 saevitiam
377 2226 591 2285 interpretantibus,
607 2227 670 2274 haud
685 2237 794 2285 magnam
808 2228 872 2286 apud
887 2228 937 2287 ple·

74 2395 218 2402 -—..—-

96 2435 117 2477 a)
142 2436 265 2478 Zvollensis;

97 2486 118 2527 bl
145 2485 248 2528 Volvegm

97 2534 116 2575 c)
141 2535 199 2571 add:
215 2534 260 2571 Fit'
238 2536 325 2577 tingens
334 2534 427 2577 gaudium
437 2535 463 2571 ob
473 2534 534 2571 semel
544 2544 569 2570 ex
578 2535 661 2578 proprio
671 2544 756 2578 corpore
766 2537 854 2572 creatum
864 2537 938 2579 capum

97 2584 118 2625 d)
144 2583 193 2620 llurc
203 2584 267 2620 res
254 2583 444 2626 otacommittitur;

97 2632 117 2674 e)
143 2633 216 2676 trium;

102 2682 120 2722 il
151 2682 188 2718 Pet
180 2684 221 2719 trus
232 2682 321 2719 Delrama
331 2682 440 2719 acrioribus
450 2683 515 2719 verbis
527 2682 614 2725 adortus,
626 2683 713 2726 graviter
725 2693 737 2719 a
748 2684 896 2727 prodigalitate,
908 2694 938 2721 se-

80 2731 164 2767 curitate
175 2731 195 2766 et
205 2730 252 2766 leda
262 2730 433 2767 administratione
443 2730 498 2767 illum
509 2730 597 2774 corripit.
608 2729 714 2767 lsbrandus
725 2741 747 2768 re
758 2741 802 2768 cum
813 2732 873 2769 Petro
885 2742 938 2769 com-

74 2780 179 2821 municata,
191 2789 257 2816 secum
270 2779 400 2823 perpendens,
414 2790 452 2822 quo
465 2780 485 2816 in
498 2781 552 2816 statu
566 2780 661 2817 Henricus
673 2780 728 2818 toret
741 2783 761 2818 et
774 2782 827 2824 quod
841 2782 938 2825 dignitate

73 2828 136 2865 maior
148 2829 210 2872 patris
221 2829 299 2865 abbatis
311 2828 369 2865 titulo
381 2829 531 2872 praeemineret,
543 2828 591 2866 lsbr.
603 2829 653 2865 clam
660 2840 668 2872 ,·

103 2878 126 2920 g)
151 2877 255 2919 Asaonare,
265 2877 375 2914 verenderd
387 2877 415 2914 uit
426 2879 526 2920 abbatem

102 2925 124 2968 lt)
149 2925 254 2962 Praeterea
268 2925 352 2962 carceris
366 2926 453 2967 squalori
467 2925 597 2969 mancipatus,
611 2936 652 2962 non
667 2926 751 2964 delinito
767 2927 851 2964 termino
866 2928 937 2965 misere

75 2973 172 3010 clauditur
179 2985 186 3016 ,·
203 2973 223 3009 in
235 2982 273 3015 quo
285 2974 355 3010 herens
367 2973 446 3017 diutius,
457 2976 503 3011 ante
514 2974 590 3011 obitum
603 2975 668 3011 triduo
680 2975 781 3018 liberatus,
791 2976 876 3013 moritur
888 2977 939 3013 circa

81 3034 154 3120 lezstum
169 3034 315 3078 purificationis
330 3035 376 3075 anni
392 3035 502 3083 sequentur
513 3034 563 3076 Acta
579 3037 625 3077 sunt
640 3036 676 3076 trec
692 3045 744 3078 anno
761 3037 840 3078 Domini
857 3038 903 3076 1556
918 3039 939 3075 r'n

75 3094 100 3124 arr
111 3094 175 3125 omno.
