2121 3546
472 205 501 254 25

24 349 26 351 ·
57 329 156 381 Carolus
176 329 324 388 Burgundus,
345 329 426 376 Insula
445 332 469 376 in
489 332 567 377 varios
587 332 699 388 temporis
720 328 873 377 diuturnitate
893 328 921 388 u)

57 396 131 443 divisa
141 392 262 446 haeredes,
274 409 354 438 omnes
365 408 395 437 ex
406 391 534 438 Hollandia
544 394 634 449 magnis
645 394 757 449 impensis
768 394 848 438 vocari
859 392 921 438 diem

57 457 103 503 dici
114 456 218 511 gnaviter
230 459 304 500 curat.
315 453 342 512 b)
353 452 392 499 Fit
402 453 450 499 litis
461 456 607 509 contestatio.
620 456 734 500 mirantur
745 453 854 511 plerique
864 452 922 511 quid

58 518 87 565 de
101 518 135 561 rei
149 520 235 561 eventu
249 515 354 561 futurum
368 517 398 560 sit
412 514 442 561 ob
457 514 550 572 longam
565 521 588 561 et
602 515 756 573 tranquillam
769 515 852 561 horum
867 531 921 572 pos-

58 579 201 626 sessionem:
222 579 282 622 *anni
299 577 373 622 terme
388 581 484 623 centum
499 593 514 622 a
530 576 634 623 violenta
650 579 785 623 comitissae
801 579 922 623 invasione

57 638 231 687 interciderant.
241 638 322 684 Abbas
331 647 417 694 urgens
427 654 535 684 caussam
545 638 575 684 ad
585 639 687 697 suamc)
697 640 800 684 omnium
809 637 922 684 heredum

57 699 203 760 probandam
215 699 338 754 admissus,
351 701 399 745 suis
412 699 517 746 studiose
529 702 632 747 intentus
645 705 681 746 est
693 700 769 746 rebus.
783 700 922 746 Adversarii

58 778 124 810 suam
139 763 267 818 perniciem
283 761 425 815 subodorati
442 765 496 807 astu
511 778 561 807 rem
576 766 695 807 tractant:
717 763 797 818 ipsum
813 761 923 808 abbatem

58 823 139 870 dolose
155 825 323 868 circumvenire
338 822 460 868 studentes
476 825 602 869 amicitiam
618 839 643 868 se
659 822 768 869 meditari
783 825 855 877 aiunt,
872 839 922 868 rem

58 891 106 931 tam
125 884 230 937 arduam,
250 888 412 941 sumptuosam
430 889 454 929 et
473 884 596 930 molestam
615 901 658 941 per
678 884 793 941 legitimos
813 885 921 937 arbitros,

58 948 120 992 viros
146 945 227 1006 doctos
252 950 275 991 et
300 947 351 1002 pios
369 944 455 991 debere
473 945 564 999 discuti.
583 948 690 1002 componi
708 950 732 991 et
749 948 867 1003 consopiri
885 946 921 1003 d).

65 1007 145 1064 Ipsum
154 1006 185 1052 ad
194 1023 293 1052 coenam
301 1011 392 1052 vocant.
402 1005 440 1052 Fit
449 1006 599 1064 splendidum
609 1006 710 1064 epulum,
722 1012 816 1064 potatur
827 1007 923 1065 largiter

58 1071 81 1114 in
91 1067 189 1114 multam
198 1073 297 1114 noctem.
308 1068 402 1114 Interea
411 1067 502 1114 abbatis
512 1069 621 1122 famulus.
632 1071 670 1115 cui
680 1069 829 1115 concreditae
840 1069 923 1115 literae

58 1128 138 1176 vidulo
151 1129 264 1184 reclusae,
278 1132 343 1176 cuius
356 1131 407 1186 ipse
420 1129 484 1175 solus
497 1130 607 1176 servabat
620 1129 705 1184 claves,
719 1147 777 1176 auro
791 1134 922 1188 corruptus,

59 1191 139 1237 literas
156 1191 248 1237 insulae
264 1196 382 1237 mercatae
398 1191 470 1236 tradit
487 1191 636 1237 adversariis.
654 1192 680 1249 e)
697 1191 790 1238 Abbate
807 1192 923 1238 laternam

61 1254 201 1306 sciscitante,
211 1255 251 1310 qui
259 1252 379 1310 praeterat
388 1268 456 1298 nemo
465 1257 507 1298 est.
517 1252 637 1299 Deductus
647 1253 747 1306 domum,
756 1270 846 1299 summo
855 1268 923 1299 mane

59 1313 165 1359 discusso
177 1329 264 1367 somno,
277 1313 382 1360 arculam
393 1313 521 1359 scrutando
532 1313 612 1359 literas
624 1313 687 1360 furto
699 1313 790 1359 ablatas
803 1316 923 1372 comperit¹

65 1373 179 1420 famulum
197 1374 252 1431 luga
270 1374 377 1432 elapsum
393 1377 502 1432 nuspiam
519 1391 641 1432 apparere,
661 1374 705 1421 Ille
722 1391 790 1421 suam
806 1377 924 1421 miseriam

64 1441 211 1493 conquestus,
227 1436 353 1483 multorum
367 1439 391 1481 in
405 1453 431 1482 se
445 1439 569 1483 commovit
583 1438 673 1483 animos
688 1436 717 1483 ob
732 1437 824 1484 lacinus
839 1437 924 1484 abbate

60 1496 186 1553 indignum.
197 1496 260 1549 Quin
269 1499 335 1554 ipsus
346 1496 394 1543 dux
405 1496 505 1544 Carolus
514 1497 577 1543 hunc
587 1499 727 1544 accersitum
737 1497 768 1544 de
778 1514 850 1544 causa
860 1497 925 1544 velut

60 1560 152 1604 nescius
177 1561 312 1615 interrogat,
337 1558 378 1604 ille
402 1561 476 1604 tristis
501 1559 627 1605 admodum
652 1561 769 1614 conticuit,
796 1562 833 1606 cui
859 1560 924 1606 dux:

67 1620 104 1678 .,t)
119 1618 140 1664 Ο
155 1624 256 1676 potator,
272 1625 366 1677 potator
377 1618 397 1665 l''
428 1619 533 1666 Tandem
548 1638 575 1667 re
590 1620 678 1666 inlecta
693 1621 794 1675 rediens,
811 1637 925 1667 summam

61 1698 156 1728 suorum
174 1698 297 1739 quousque
316 1684 374 1728 vixit
394 1682 506 1728 invidiam
525 1682 554 1728 ob
576 1683 657 1729 datum
677 1683 788 1730 damnum
808 1685 924 1729 sustinuit.

61 1743 161 1789 Moritur
175 1760 234 1790 suae
246 1744 411 1801 praefecturae
425 1760 486 1790 anno
500 1746 611 1791 vicesimo
625 1747 701 1800 tertio,
717 1744 800 1791 salutis
816 1748 880 1792 1485,

305 1870 373 1914 Tako
386 1870 498 1920 Aebinga
512 1870 587 1914 abbas
602 1869 682 1914 XXV.

65 1991 130 2039 Talin
149 1994 175 2050 g)
193 1992 307 2049 Aebinga,
326 1993 445 2049 generosis
463 1996 532 2037 natus
550 1991 694 2049 parentibus,
714 2008 828 2038 summam
846 1994 870 2038 in
889 1994 926 2038 sui

61 2054 263 2100 administratione
273 2053 350 2099 officii
357 2051 504 2109 probitatem.
516 2052 620 2099 studium
630 2057 654 2098 et
664 2051 803 2098 industriam
813 2054 925 2099 exercuit.

61 2114 189 2172 Religionis
205 2117 375 2161 incrementum
390 2131 421 2159 ex
436 2114 603 2160 reformatione
619 2116 677 2159 mire
694 2116 766 2160 auxit.
784 2114 811 2160 In
827 2119 926 2161 externa

66 2176 160 2223 aedium
169 2178 324 2233 reparatione,
336 2177 457 2233 praeteriti
467 2175 558 2221 abbatis
569 2175 678 2222 socordio
687 2175 852 2233 collapsarum,
864 2192 926 2222 sum·

62 2254 124 2284 mam
135 2253 233 2294 operam
243 2236 348 2283 adhibuit
360 2236 395 2293 h).
408 2235 434 2281 ln
447 2235 553 2283 civilibus
565 2238 642 2283 causis
654 2238 712 2282 mire
724 2236 828 2293 prudens
841 2238 925 2291 extitit.

66 2298 140 2345 multa
148 2298 252 2355 praedia.
263 2298 292 2344 ab
301 2303 450 2344 antecessore
459 2315 489 2343 ex
497 2298 646 2344 commodata
655 2300 754 2354 pecunia
764 2301 925 2355 oppignorata,

64 2451 206 2458 -..—-—-

85 2497 106 2539 a)
131 2495 153 2533 ln
165 2496 182 2533 A
195 2496 291 2539 biiiitbaar
303 2493 391 2531 ioutiei:
410 2493 518 2530 diuturnite
524 2504 532 2536 ;

91 2547 112 2589 b)
138 2546 206 2589 Magni
215 2546 267 2582 tinnt
276 2545 390 2588 apparatus,
398 2552 475 2579 summo
484 2543 509 2580 ab
519 2544 601 2585 utraque
610 2543 668 2585 parte
677 2541 724 2578 iuris
733 2551 848 2585 processum
857 2542 927 2579 Latina

68 2594 143 2633 Gallica
155 2594 224 2636 lingua
236 2593 310 2636 agitur,-

86 2643 105 2685 c)
130 2644 160 2680 De
171 2642 202 2678 zin
212 2642 230 2678 is
241 2641 337 2684 biiiidraar
348 2640 435 2682 corrupt.
446 2638 463 2675 A
475 2638 531 2675 neeit
541 2638 562 2674 in
573 2637 664 2680 margine
674 2639 715 2674 met
727 2648 763 2675 een
775 2639 848 2676 andere
860 2638 927 2675 nand:

63 2694 93 2730 nic
103 2692 176 2734 aliquid
187 2692 255 2728 deesse
265 2691 347 2727 videtur.
358 2689 373 2725 Β
383 2688 452 2725 heett:
469 2688 556 2725 Tandem
566 2689 613 2731 post
622 2687 704 2731 tongem
715 2688 864 2725 contentionem
875 2689 927 2724 dicta

63 2742 166 2783 sententia,
177 2741 246 2783 cuique
256 2749 292 2776 sua
302 2739 404 2782 dogmata,
414 2738 484 2780 quibus
494 2737 641 2780 possessionem
653 2738 703 2774 tueri
714 2737 782 2780 velint,
793 2738 927 2781 praecipitur,-

87 2791 108 2833 d)
133 2791 191 2827 add:
211 2791 232 2826 ut
244 2790 264 2825 ni
277 2790 382 2825 verborum
395 2787 493 2823 lenocinio
506 2787 527 2823 in
540 2796 595 2823 suam
608 2795 686 2823 nassam
700 2787 817 2830 pertrahant
823 2799 831 2830 ;

91 2840 110 2882 e)
135 2840 202 2877 Annas
213 2840 293 2875 domum
305 2838 406 2879 deductus,
417 2837 442 2873 de
452 2836 523 2872 fraude
533 2837 621 2879 ignarus,
632 2836 652 2871 in
665 2837 768 2878 utramque
779 2846 847 2873 aurem
859 2846 927 2874 secure

63 2889 136 2927 dormit
142 2900 150 2931 ;

86 2938 104 2980 t)
134 2937 165 2980 „O
176 2938 243 2980 potor,
255 2938 277 2973 ut
288 2935 363 2980 potasti
376 2933 451 2971 scetus''
458 2945 466 2978 ;

87 2987 109 3032 g)
134 2986 252 3030 Aehntngae

86 3036 109 3079 tr)
133 3037 192 3074 add:
208 3037 229 3072 et
239 3035 324 3079 pristino
335 3034 435 3079 splendori
447 3033 532 3070 reddidit
538 3044 555 3077 ,·,
