2121 3546
460 212 489 254 47

47 333 208 387 amonasterii
219 336 346 389 prospectu
358 332 434 379 dissiti
445 337 516 390 atque
527 332 557 379 ob
568 332 592 379 id
604 335 687 380 maiori
698 332 794 391 licentia
805 336 842 381 usi
854 350 907 380 sen·

45 395 88 439 sim
101 392 130 439 ab
143 393 231 439 ordinis
245 393 358 450 religione
371 394 548 451 degenerantes.
563 393 650 442 c'rebris
664 394 800 455 indigebant
813 401 908 454 patrum

45 454 248 501 admonitionibus.
265 455 360 508 Quanto
376 473 469 513 quoque
485 456 576 514 longius
593 456 622 503 ab
638 459 775 504 monasterii
791 459 818 515 a)
835 457 907 504 dista·

45 516 101 562 bant
116 515 278 580 limitibuseo
293 520 367 574 magis
382 536 397 564 a
411 521 470 564 recti
484 521 578 565 tramite
593 518 738 566 aberrarant.
754 519 836 565 Abbas
851 536 908 566 vero

45 578 188 635 reliquorum
202 584 296 636 patrum
310 581 414 626 imitatus
429 579 557 637 exemplar,
573 581 719 639 frequentius
735 581 789 627 illos
804 583 907 627 invisens

46 656 88 686 suo
101 656 166 685 more
179 642 284 697 gnaviter
297 641 408 699 quicquid
421 642 529 696 ollendit¹
544 645 647 700 corripit.

27 722 29 725 ·
46 699 119 745 Erant
132 704 274 748 monasterio
288 701 431 748 Lidlomensi
444 720 475 749 ex
489 702 647 760 applicatione
660 703 767 750 coenobii
781 706 804 749 in
819 703 907 750 Fraen-

45 777 105 817 yom.
117 761 236 818 quondam
247 764 342 819 recepti,
355 763 416 809 duae
427 779 485 820 prae
496 766 595 810 caeteris
607 766 631 810 in
642 764 735 810 Boxum
745 766 907 821 possessiones

45 822 190 876 insigniores,
199 837 285 867 nomen
293 824 333 868 uni
341 822 477 880 Munkhuys
486 822 555 869 alteri
563 823 609 869 Ter
617 823 694 877 Porte.
704 822 908 880 Sceltinganorum

45 885 115 932 modo
124 884 242 938 nobilium,
253 903 283 931 ex
291 884 437 931 haereditate
446 884 558 942 Feytsma
567 889 590 930 et
600 883 704 931 Oedsma
714 886 729 930 ²,
740 884 830 930 Harum
839 900 908 941 prae-

46 945 102 991 lecti
110 944 218 990 monachi
226 946 333 991 conversi
341 944 370 991 ob
379 947 442 991 vitae
450 944 658 1001 turpitudinemex
666 944 822 991 foeminarum
829 948 906 1001 raptu,

45 1007 138 1063 injuria.
156 1005 270 1051 ebrietate
285 1010 309 1051 et
325 1004 437 1052 violentia
454 1009 605 1059 contractam,
623 1004 696 1052 delati
712 1004 822 1051 abbatem
838 1003 908 1050 valde

48 1072 201 1113 commovent.
221 1067 261 1113 Ad
279 1069 406 1113 instantem
424 1066 531 1113 Paschae
550 1067 702 1113 festivitatem
722 1065 909 1113 Christianorum

45 1146 166 1183 summam,
178 1131 202 1174 in
214 1131 266 1186 ipso
277 1128 459 1186 quadragesimo
470 1128 548 1175 triduo
561 1133 616 1174 ante
628 1128 691 1175 diem
702 1127 833 1186 Angelicae
845 1127 908 1174 salu-

46 1193 129 1237 tationi
153 1207 246 1237 sacram
262 1193 278 1244 ²}
302 1192 350 1237 suis
367 1192 468 1248 stipatus
485 1189 571 1237 Elocus
589 1189 721 1245 sacellanis,
739 1189 834 1236 adversi
850 1188 918 1235 nihil>

46 1254 175 1310 suspicans.
186 1251 328 1309 Evangelico
338 1251 389 1298 solo
400 1257 504 1308 armatus
515 1252 596 1298 codice
606 1268 635 1298 eo
645 1251 809 1309 proficiscitur.
821 1254 871 1298 eius
882 1257 908 1298 ut

46 1312 174 1359 salutiferis
183 1315 276 1359 monitis
286 1312 317 1359 ad
326 1312 409 1359 salutis
418 1314 486 1366 viam,
496 1315 596 1358 recitata
605 1311 744 1359 delictorum
753 1311 908 1366 confessione¹

46 1374 273 1431 reducerentur.Ipsi
282 1390 338 1420 vero
349 1377 397 1432 jam
406 1374 495 1421 dudum
504 1374 641 1424 meditatam
650 1390 732 1420 necem
741 1378 908 1431 proponentes,

46 1434 151 1481 oblatam
161 1434 341 1490 malegerendae
353 1437 387 1481 rei
398 1437 545 1481 occasionem
556 1436 650 1481 minime
662 1434 817 1481 omittendam
828 1451 909 1481 cense-

48 1496 111 1542 bant.
123 1495 253 1553 Receptum
263 1499 286 1541 in
298 1512 341 1542 suo
351 1500 429 1542 castro
440 1501 476 1542 ter
487 1495 574 1542 Poorte
584 1495 694 1542 abbatem
704 1512 758 1542 cum
769 1497 824 1551 suis.
837 1495 909 1542 advo-

46 1561 105 1604 catis
118 1575 149 1604 ex
161 1558 189 1616 b)
201 1557 336 1615 Munlrhuys
349 1557 453 1615 reliquis¹
466 1557 596 1604 honorifice
609 1562 718 1611 tractant.
733 1557 788 1605 dolo
801 1574 909 1615 premen-

47 1625 83 1666 tes
95 1619 159 1677 quod
170 1618 326 1666 minabantur,
339 1618 436 1666 Prolato
447 1624 506 1677 potu
517 1621 583 1676 gravi
595 1621 672 1676 ipsum
685 1619 754 1667 simul
766 1621 909 1677 ingurgitare

47 1685 153 1727 statuunt
165 1698 169 1734 ;
191 1685 215 1726 at
228 1679 268 1726 ille
280 1682 316 1726 vir
328 1682 388 1737 pius.
402 1679 529 1726 abstemius
542 1681 568 1738 c)
581 1678 719 1726 ebrietatem
731 1680 830 1726 horrens
844 1689 909 1737 egre·

48 1742 116 1788 ditur.
129 1740 241 1799 Trajecto
253 1746 325 1799 ponte
336 1746 440 1788 castrum
452 1742 482 1800 d)
494 1741 616 1795 accedens.
630 1740 702 1788 cubili
714 1741 797 1788 clauso
809 1740 910 1788 interula

48 1808 124 1850 tactus
137 1803 247 1861 pileoque
259 1807 373 1850 nocturno
387 1808 410 1865 et
423 1802 511 1860 caligis.
526 1802 584 1850 lusis
598 1803 630 1849 ad
642 1802 719 1849 Deum
732 1802 841 1861 precibus
854 1820 909 1850 noc·

47 1866 122 1910 turnis
137 1881 189 1910 sese
204 1864 322 1910 dormiens
337 1863 431 1910 Christo
445 1863 601 1910 commendat.
618 1862 666 1921 lpsi
680 1873 777 1921 quoque
789 1863 909 1918 sacellani,

50 1926 169 1972 dominum
178 1928 271 1983 sequuti
280 1924 384 1972 cubitum
392 1929 527 1982 properant.
538 1924 651 1971 Conversi
661 1926 687 1983 e)
696 1942 752 1972 vero
762 1925 868 1972 inferiori
877 1927 910 1972 cis

48 1992 144 2045 pontem
152 1987 175 2046 l)
184 1987 253 2034 domo
262 1987 381 2034 decretam
390 1986 509 2033 lanienam
516 1989 539 2033 in
548 1986 651 2033 medium
659 1987 910 2044 proieruntadduntur

48 2050 150 2094 rationes
163 2053 187 2094 et
199 2046 283 2094 modus
295 2047 460 2106 interficiendi.
474 2046 501 2093 In
513 2047 603 2093 rabiem
615 2049 678 2107 versi
690 2052 826 2094 transcurso
839 2052 911 2105 ponte

48 2119 62 2166 g
63 2111 76 2167 )
86 2112 151 2167 ipsas
162 2108 263 2156 cubiculi
275 2108 403 2166 effringunt
415 2108 539 2163 fenestras.
552 2111 695 2156 transcensis
707 2111 736 2156 iis
748 2112 844 2156 summis
856 2111 911 2155 viri·

50 2169 93 2215 bus
105 2169 136 2215 ad
147 2171 225 2225 ipsum
235 2168 387 2215 contendunt.
400 2166 473 2215 Gravi
484 2168 577 2215 turbine
589 2185 671 2215 somno
683 2173 836 2227 experrectus
849 2185 911 2216 sum·

48 2248 87 2277 ma
98 2233 227 2288 innataque
237 2230 417 2278 mansuetudine
429 2248 487 2277 voce
499 2230 615 2284 submissa
628 2230 755 2278 admodum
767 2236 841 2287 rogat.
854 2232 911 2289 quid

49 2292 128 2339 velint.
142 2292 196 2338 Illi:
211 2292 239 2351 h)
252 2291 341 2346 „Tuam
353 2309 436 2339 necem
448 2297 472 2339 et
484 2294 605 2339 interitum
617 2291 731 2339 volumus.
746 2291 809 2346 Quid
822 2294 857 2340 rei
870 2292 912 2340 tibi

118 2544 207 2584 aberant,
218 2551 242 2578 eo
253 2541 317 2584 magis
328 2541 460 2583 aberrarunt,-

118 2592 231 2635 propinquo
238 2602 246 2634 ,-

117 2642 175 2678 add:
194 2643 214 2678 et
226 2650 298 2684 parcus
304 2652 312 2683 ;

119 2692 184 2735 aperit
190 2703 198 2734 ;

118 2741 190 2778 residui
205 2741 319 2783 decretam

348 2790 370 2832 g)
395 2789 463 2825 valvas
475 2788 534 2824 castri
546 2789 649 2825 obseratas
661 2788 772 2830 inveniunt:

110 2935 178 2973 Onder
206 2936 289 2980 Boxum,
317 2933 399 2971 W.Z.W.
416 2944 454 2971 van
471 2922 616 2978 Leeuwarden,'
638 2934 697 2977 lagen
713 2933 738 2970 de
754 2935 816 2971 states
833 2943 870 2970 van
887 2932 912 2970 de

3 3021 5 3024 Α
74 3035 85 3073 2
109 2984 312 3072 {gmffisstOedtsma
328 2994 352 3021 en
369 2982 486 3029 Scheltema,
503 2982 565 3021 onder
581 2981 665 3019 Deinum
681 2992 719 3019 van
735 2981 832 3027 Feijtsma
