2121 3546
472 256 501 300 73

279 380 387 424 Joannes
399 377 495 431 Keppel
507 379 582 424 abbas
594 379 691 424 XXXI.

56 505 159 551 Rursum
170 505 281 549 invitatus
294 502 367 549 abbas
379 508 447 560 pater
459 502 548 549 Paulus
560 519 636 549 novae
648 502 787 560 praesidens
800 501 915 557 electioni,

56 568 162 613 oratione
181 565 252 622 longa
270 564 301 610 ad
320 569 425 611 mutuam
443 564 550 611 hortatur
570 567 696 611 amicitiam
716 570 739 610 et
759 564 915 611 concordiam.

57 628 180 674 Communi
190 627 285 681 decreto
295 627 359 673 iacto
370 626 486 683 eliguntur
497 631 604 684 quatuor,
615 643 715 684 quorum
726 627 814 684 iudicio
825 627 916 673 abbatis

57 691 195 736 consisteret
206 688 296 735 electio.
308 688 339 735 Hi
349 706 379 735 ex
389 706 415 735 se
425 693 530 735 creatum
541 688 649 735 abbatem
660 689 777 735 Joannem
788 692 915 735 nominant.

57 752 101 798 Hic
113 753 202 808 ingenti
214 751 331 808 applausu
344 756 461 808 aceeptus,
475 761 585 808 magnam
597 751 714 797 laeticiam
726 754 795 808 parit,
809 752 873 809 quod
886 768 917 797 ex

55 814 152 871 propria
164 817 232 860 corte
244 813 347 859 electum
358 812 477 859 haberent
489 813 627 859 antistitem.
639 813 663 858 A
674 817 744 870 patre
756 813 846 860 abbate
858 830 915 860 eon·

57 874 171 927 firmatus,
196 889 252 918 vere
275 877 404 929 appetente
418 871 554 928 Traiectum
570 872 696 929 proiectus,
706 875 914 919 consecrationem

57 935 157 991 adeptus
170 938 212 980 est.
225 934 329 980 Primum
341 951 434 980 sacrum
446 936 498 990 ipso
511 934 549 980 die
561 936 690 980 nativitatis
703 932 726 979 S.
741 932 840 979 Joannis
854 932 916 988 Bap-

56 997 128 1042 tistae
145 997 153 1019 ²
171 994 342 1051 celebraturus,
361 1012 443 1042 omnes
460 997 606 1042 monasticos
624 995 715 1041 rurales
733 993 802 1041 simul
819 996 914 1047 invitat;

56 1055 113 1101 dato
128 1055 203 1112 epulo
214 1054 339 1112 splendido
354 1054 487 1101 liberaliter
501 1054 605 1101 dimittit.

55 1116 150 1171 Magnis
177 1120 216 1160 ¹et
255 1116 328 1161 variis
369 1114 413 1160 luit
454 1118 553 1160 ornatus
579 1112 729 1160 virtutibus.
771 1113 859 1168 Insigni
900 1128 915 1158 a

55 1174 150 1232 Keppel
194 1172 308 1220 nobilium
353 1177 479 1219 stemmate
524 1177 601 1226 natus,
648 1174 720 1218 animi
765 1171 916 1218 nobilitatem

56 1232 299 1340 lblddumplibcrliilddaet
313 1231 648 1341 btdllcibbrsbvlrtariis'leddbliflcbrtbr
663 1235 784 1337 tullbblllrsm
799 1234 916 1346 prpddeelliesr.

56 1353 125 1400 Frisii
142 1352 255 1400 Saxonici
271 1354 378 1411 pertaesi
394 1353 487 1410 imperii
504 1368 592 1399 novam
609 1353 736 1398 instituunt
752 1350 915 1398 rebellionem

58 1413 89 1460 Hi
99 1413 241 1459 Geldrorum
253 1413 336 1459 ducem
348 1412 465 1465 Carolum,
478 1411 513 1456 illi
524 1413 633 1457 comitem
644 1416 767 1457 accersunt
779 1409 917 1457 Emdanum.

57 1475 160 1522 Geldrus
175 1477 268 1531 ingenio
283 1491 338 1520 acer
352 1479 376 1520 et
390 1473 484 1519 lervens
499 1483 568 1519 verus
584 1473 669 1519 Martis
683 1472 763 1530 pullus
779 1473 835 1519 data
850 1489 918 1518 occa-

58 1540 123 1583 sione
133 1539 221 1594 ingenti
230 1536 330 1582 militum
347 1552 418 1582 manu
427 1535 543 1581 Phrisiam
553 1534 688 1592 ingreditur,
700 1534 806 1589 Snecam,
818 1534 918 1580 Slotam²

56 1605 80 1645 et
88 1599 252 1645 Bolsvardiam
260 1604 367 1655 occupat.
377 1597 441 1644 Saxo
449 1597 594 1643 Phrisiorum
602 1599 713 1643 invictam
721 1597 804 1643 videns
814 1599 917 1654 pertina-

58 1662 124 1713 ciam,
139 1675 220 1705 secum
231 1657 383 1717 perpendens
397 1661 532 1714 sumptuum
545 1656 735 1714 magnitudinem,
750 1656 850 1702 militum
864 1673 917 1714 per·

58 1727 129 1779 petuo
144 1720 283 1767 alendorum
297 1721 379 1776 ingens
395 1719 544 1777 stipendium,
561 1719 641 1765 datam
656 1736 671 1765 a
685 1718 849 1765 Maximiliano
864 1732 931 1776 pro·v

57 1785 158 1829 vinciam
168 1781 230 1829 ultro
241 1781 325 1828 reddit,
337 1781 381 1827 Hic
392 1783 503 1837 evestigio
514 1780 588 1827 milite
598 1783 732 1838 conscripto
743 1782 771 1839 a)
782 1797 836 1827 suos
847 1783 918 1827 mittit

59 1845 137 1899 duceS,
148 1847 188 1902 qui
197 1846 291 1890 nomine
300 1843 494 1900 Burgundionum
503 1843 620 1889 Phrisiam
629 1843 742 1889 invadant
753 1848 777 1889 et
788 1842 918 1889 subiicient.

56 1906 87 1952 Hi
100 1905 222 1954 Saxonum
239 1905 366 1952 traditione
383 1905 543 1958 Leovardiam,
562 1904 722 1951 Franelreram
739 1910 763 1951 et
781 1904 919 1962 Harlingam

58 1983 111 2012 cum
138 1969 221 2013 castris
248 1970 368 2024 proximis
381 1969 491 2025 imposito
511 1966 585 2013 milite
604 1968 759 2025 praesidiario
780 1968 875 2013 firmant
895 1973 919 2013 et

58 2030 171 2083 muniunt,
182 2029 245 2075 unde
253 2029 323 2084 bella,
334 2029 426 2084 caedes,
438 2030 507 2084 turta,
518 2029 628 2075 incendia
638 2035 662 2075 et
672 2029 802 2075 latrocinia.
813 2029 919 2087 Uterque

58 2089 161 2137 Geldrus
173 2096 197 2137 et
208 2091 349 2148 Burgundus
360 2108 404 2148 pro
416 2094 514 2149 imperio
525 2097 607 2138 certat.
620 2091 686 2138 Haec
698 2091 753 2138 dum
765 2092 832 2146 siunt,
844 2093 919 2138 utrin-

58 2169 104 2210 que
117 2152 219 2210 plurima
234 2153 320 2200 damna
341 2154 480 2200 inferuntur,
511 2153 670 2200 Gheldrorum
699 2153 784 2200 milites
814 2154 919 2201 insidiati

59 2215 86 2272 b)
106 2214 321 2262 Franelrerensibus
342 2218 510 2262 monasterium
529 2215 679 2262 Lidlomense
699 2232 743 2273 pro
763 2218 847 2262 castris
868 2233 918 2262 mu·

58 2279 125 2323 niunt
141 2282 164 2323 et
179 2277 300 2324 invadunt.
317 2277 442 2334 Profligati
457 2277 592 2324 sacerdotes
609 2278 671 2324 datis
688 2278 717 2324 ab
735 2277 827 2324 Joanne
844 2277 918 2324 literis

58 2338 145 2384 salario
158 2339 251 2385 modico
263 2338 401 2396 ablegantur
415 2340 446 2386 ad
459 2339 507 2385 alia
519 2341 668 2386 monasteria,
683 2339 714 2385 Hi
727 2340 790 2385 civili
803 2339 868 2386 cultu
881 2357 919 2386 or-

59 2402 108 2446 nati
117 2400 270 2447 Brabantiam
279 2402 460 2457 proficiscuntur
477 2404 599 2459 nostrique
608 2402 697 2448 ordinis
707 2401 812 2459 collegiis
822 2404 918 2459 recepti,

58 2462 89 2508 ad
100 2464 274 2509 revocationem
284 2468 430 2520 permanent.
443 2462 542 2510 Gheldri
553 2463 666 2510 abeuntes
678 2466 846 2510 monasterium
857 2464 920 2511 hosti

58 2524 200 2581 relinquunt.
213 2524 403 2571 Franekerenses
416 2528 539 2582 eruptione
552 2525 617 2571 iacta
628 2528 706 2582 ipsum
718 2528 803 2572 misere
816 2526 919 2583 spoliant

57 2591 81 2631 et
93 2586 227 2640 incendunt,
240 2592 266 2633 ut
278 2587 304 2645 c)
316 2604 346 2633 ne
359 2586 478 2642 ostiorum,
492 2588 655 2642 fenestrarum,
669 2587 834 2643 cancellorum,
848 2591 918 2634 immo

58 2645 181 2692 cardinum
192 2648 291 2703 vestigia
303 2652 454 2694 cernerentur
466 2664 471 2700 3
492 2647 559 2693 illato
572 2649 684 2694 stramine
697 2647 780 2705 templi
792 2647 919 2695 moliuntur

81 2774 101 2816 a)
126 2774 190 2810 missis
199 2773 280 2810 ducibus
295 2772 396 2810 Florentio
405 2772 494 2815 Burensi,
502 2773 525 2810 D.
536 2772 653 2809 Vassenario
662 2772 720 2809 ielice
729 2773 802 2809 comite
810 2773 835 2810 ‹ie
844 2773 919 2817 Moers;

82 2824 104 2867 ir)
129 2825 196 2866 Tzom,
209 2823 285 2860 Lidiom
299 2825 320 2859 et
333 2823 402 2860 Baiorn
415 2823 485 2859 castris
498 2823 569 2859 locatis
582 2822 673 2859 muniunt
679 2834 687 2866 ;

82 2875 101 2917 c)
126 2884 151 2910 ex
162 2873 219 2910 ostiis
229 2874 329 2916 fenestris,
339 2873 437 2916 cancellis,
448 2872 566 2914 cardinibus,
576 2873 639 2914 vitris,
650 2873 738 2915 plumbo,
748 2874 803 2910 terro
815 2875 835 2909 et
846 2875 918 2910 stanno

59 2924 107 2960 niirii
118 2923 241 2965 remanserit,
251 2923 316 2966 ipsum
328 2923 423 2965 tempium
431 2922 491 2959 illato
502 2923 597 2959 stramine
608 2923 689 2959 student
699 2924 790 2960 incendio
803 2925 898 2967 tradere;

84 3025 92 3061 l
118 3024 141 3060 24
155 3022 208 3060 Juni'.

82 3074 94 3111 2
118 3071 193 3111 Sloten.
