2121 3546
479 248 508 291 7,

70 369 214 416 Saxonicum
223 369 358 427 despiciunt
367 371 498 427 imperium.
508 368 572 415 Victi
583 374 607 415 et
617 371 668 427 ipsi,
679 369 753 427 pulsis
763 368 929 426 Groninganis,

72 429 215 477 Villibrordo
225 430 297 475 fidem
307 434 435 487 praestant.
445 429 530 487 quibus
540 434 563 475 et
573 429 684 475 mulctam
694 432 794 486 imperat
806 445 811 474 τ
829 433 933 475 castrum
971 443 973 445 ·

72 493 172 545 firmum,
186 496 315 548 perpetuae
327 491 475 537 obedientiae
489 493 575 548 jugum,
589 494 612 537 in
625 494 677 548 ipsa
689 492 747 538 urbe
760 491 933 548 oppidanorum

70 551 203 609 sumptibus
237 555 361 599 construit
395 553 467 599 Anno
503 556 560 599 1500
593 554 621 611 a)
654 558 710 611 post
744 552 866 599 turbatam
900 569 931 599 ex

70 614 163 667 integro
197 611 320 665 Phrisiam,
355 614 445 658 victam
479 628 560 658 rursus
595 618 620 658 et
655 612 776 667 domitam,
812 612 930 668 Georgius

70 670 134 716 Saxo
161 669 257 716 Alberti
283 672 358 716 irater
386 673 394 694 1
422 673 501 717 omnia
527 688 571 728 pro
599 689 642 717 sua
669 672 786 717 industria
814 674 837 717 in
865 677 930 717 tran-

70 729 167 787 quillam
179 732 285 776 restituit
296 730 397 776 formam
409 749 413 784 ;
434 748 521 777 novam
533 731 682 777 Leovardiae
695 733 820 777 constituit
833 734 930 784 curiam,

72 789 218 835 consiliarios
238 793 271 844 12,
289 807 389 848 quorum
406 790 509 837 consiliis
527 796 577 836 tota
595 790 736 847 gubernetur
754 791 853 837 Phrisia.
872 790 933 836 Huic
995 830 997 833 Α

72 856 156 901 Petrus
171 857 266 900 intimus
282 854 326 900 luit
341 858 451 910 acceptus
475 853 590 910 atquefob
604 855 721 910 insignem
735 855 857 914 utriusque
874 854 933 910 juris

72 917 222 974 prudentiam
247 916 433 962 consiliariorum
458 931 555 961 numero
580 915 720 972 adscriptus.
756 915 855 960 Arciam
880 932 933 961 cum

71 979 165 1025 Saxone
173 978 370 1024 necessitudinem
378 977 465 1030 colens,
475 977 611 1033 frequenter
621 993 635 1022 a
644 981 725 1022 nostro
735 979 824 1033 magnis
835 979 933 1034 sumpti-

69 1038 113 1084 bus
123 1038 167 1083 luit
177 1042 302 1094 exceptum
313 1037 377 1094 quod
386 1037 442 1083 dum
451 1036 549 1093 reliquis
559 1038 697 1082 monasticis
708 1036 831 1093 displicet:
843 1035 932 1082 debito«

70 1115 122 1144 rum
133 1097 316 1154 magnitudinem
327 1099 407 1142 veritis
419 1096 446 1154 b)
457 1099 560 1142 omnium
571 1098 594 1141 in
606 1113 631 1141 se
643 1098 733 1141 animos
745 1098 839 1141 excitat.
852 1095 939 1152 Ipsum¹

72 1157 136 1203 velut
154 1157 318 1214 dissipatorem
336 1172 461 1212 rerumque
478 1157 660 1201 monasticarum
678 1154 812 1200 helluonem
829 1171 932 1212 pronun·

72 1222 135 1265 ciant
147 1224 170 1264 et
181 1218 245 1276 quod
256 1220 311 1263 vino
323 1217 421 1263 subinde
432 1217 486 1274 plus
498 1220 555 1262 satis
568 1216 700 1272 indulgeret
712 1221 736 1262 et
748 1219 828 1262 veneri
841 1219 933 1273 gemina

72 1280 139 1338 prole
149 1296 242 1337 parens,
253 1284 337 1325 vocato
347 1284 416 1336 patre
427 1278 511 1324 abbate
522 1279 550 1324 D,
561 1277 658 1324 Takone
668 1280 718 1324 viro
729 1280 819 1334 integro
838 1281 862 1323 in
874 1278 933 1324 aede

71 1340 197 1399 capitulari
215 1340 317 1395 collecti,
337 1340 406 1387 simul
423 1342 528 1386 omnium
546 1340 666 1386 redituum
683 1342 802 1386 rationem
820 1345 932 1386 exactam

72 1401 199 1458 postulant.
218 1400 262 1446 Ille
278 1405 303 1446 ut
320 1405 371 1446 erat
388 1402 465 1445 animo
482 1399 553 1457 plane
570 1399 670 1453 heroico,
688 1399 772 1445 horum
789 1416 836 1445 non
853 1400 932 1445 ferens

24 1517 29 1525 ι
72 1466 186 1508 instantes
215 1462 423 1519 interpellationes,
454 1463 635 1517 resignationem
664 1461 775 1507 decernit.
804 1461 933 1518 impetrato

72 1524 159 1570 salario
174 1541 252 1570 annuo
267 1541 320 1570 sese
334 1526 473 1580 magistratu
487 1523 582 1569 abdicat
597 1540 658 1568 anno
673 1523 767 1568 Domini
784 1527 848 1578 1505,
864 1540 933 1580 prae·

70 1585 178 1632 secturae
190 1602 253 1632 anno
265 1585 358 1632 decimo
370 1587 480 1642 septimo.
492 1584 571 1630 Aulae
583 1586 732 1642 superiorem
744 1601 870 1639 cameram,
883 1601 931 1631 uno

70 1644 159 1691 famulo
183 1649 318 1698 contentus,
343 1645 374 1691 ad
397 1646 462 1690 vitae
486 1643 560 1690 finem
583 1643 708 1690 inhabitat.
741 1644 844 1691 Moritur
868 1661 931 1691 anno

72 1707 145 1757 1507;
169 1706 193 1749 in
217 1704 278 1749 aede
302 1720 371 1748 sacra
395 1703 426 1749 ad
442 1703 517 1760 pedes
534 1703 562 1748 D,
579 1703 709 1760 Kemponis
727 1708 790 1749 teste
808 1703 931 1761 epitaphio

71 1762 185 1819 sepultus,
200 1765 302 1820 quiescit
315 1765 352 1808 vir
364 1762 454 1809 multae
468 1762 599 1816 doctrinae,
613 1761 724 1808 lectionis
738 1767 763 1809 et
777 1764 901 1809 scientiae.

270 1848 378 1890 Joannes
388 1846 546 1890 Duvelandns
558 1847 632 1890 abbas
643 1846 727 1890 XXX.

70 1933 98 1979 D.
111 1933 181 1980 Petro
193 1934 319 1980 recedente
331 1937 354 1979 in
367 1934 481 1980 electione
493 1951 554 1980 nova
566 1944 651 1991 magna
663 1935 689 1992 c)
701 1936 832 1980 animorum
844 1934 872 1980 iit
886 1934 932 1980 dis·

72 1996 166 2050 junctio.
176 1993 323 2039 Venerabilis
332 1993 404 2039 abbas
413 1993 501 2040 Paulus
510 1993 640 2039 Boeckholt
649 1998 785 2040 mansuetus
795 1999 818 2040 et
827 1996 880 2051 pins
890 2010 933 2051 pro

72 2053 254 2109 redintegranda
271 2053 386 2099 electione
402 2070 467 2100 nova,
480 2053 607 2110 plurimum
624 2053 722 2099 laborat.
741 2053 785 2099 Hic
803 2054 858 2100 dum
875 2053 932 2099 nihil

72 2115 153 2169 efficit,
179 2133 209 2161 ex
232 2117 359 2172 improviso
376 2115 448 2161 abbas
465 2114 632 2161 Dockumanus
650 2115 754 2161 Joannes
772 2115 932 2170 Duvelandus,

72 2193 145 2234 opera
162 2182 185 2222 et
202 2177 283 2223 lavore
300 2176 397 2234 Georgii
413 2176 514 2223 Saxonis
532 2177 660 2223 submissus
678 2194 721 2234 pro
738 2177 823 2223 abbate
841 2180 934 2232 comite,

72 2239 144 2284 abbas
159 2238 314 2285 Lidlomensis
330 2239 473 2295 designatur.
489 2238 533 2284 Hic
549 2244 647 2296 accepta
662 2240 847 2294 confirmatione,
864 2256 932 2297 prae·

72 2301 178 2346 iacturae
190 2301 327 2357 dignitatem
339 2304 428 2358 arripit,
441 2300 520 2347 multis
534 2301 622 2347 trustra
634 2301 823 2348 reclamantibus.
836 2302 932 2348 Monas·

71 2369 130 2412 ticos
138 2368 184 2423 ipsi
192 2367 268 2411 minus
277 2362 492 2422 obsequentes,tum
499 2362 563 2420 quod
572 2362 705 2408 voluntaria
714 2362 828 2409 electione
837 2368 930 2410 creatus

72 2442 118 2472 non
129 2430 197 2479 esset,
208 2430 258 2471 tum
267 2424 332 2481 quod
340 2423 437 2469 alterius
447 2425 518 2468 cortis
529 2428 552 2468 et
562 2425 698 2468 monasterii
708 2425 819 2477 existens,
831 2423 933 2476 alienam

72 2492 163 2534 secaret
179 2503 286 2540 messem,
303 2487 390 2531 sensim
406 2484 437 2530 ad
454 2484 613 2530 obedientiam
628 2485 796 2541 praestandam
813 2485 932 2543 compulit.

72 2550 155 2595 Baiom
169 2550 243 2595 veteri
257 2564 322 2593 more
337 2547 369 2593 ad
383 2546 542 2602 obedientiam
556 2545 591 2591 illi
606 2547 790 2603 promittendam
804 2547 932 2604 proiectus,

70 2620 141 2668 aegre
155 2610 283 2656 admodum
296 2612 418 2666 impetrat;
432 2608 476 2654 has
490 2608 554 2665 quod
568 2608 715 2666 petulantius
729 2611 753 2654 in
767 2611 844 2666 ipsum
858 2610 930 2656 dixis-

72 2676 131 2725 sent,
147 2669 286 2716 arctioribus
301 2670 420 2725 restringit
435 2667 541 2714 vinculis,
557 2667 660 2714 Rediens
676 2668 850 2725 praefecturam
866 2686 933 2716 suam

72 2733 195 2779 molestam
210 2732 261 2777 iore
276 2732 390 2787 comperit
404 2729 505 2787 ideoque
520 2732 595 2775 minus
611 2746 750 2787 prosperam
766 2735 789 2776 et
806 2731 933 2788 jucundam

72 2813 103 2841 ex
119 2797 205 2840 invicta
221 2793 370 2847 quorundam
386 2794 523 2849 pertinacia,
541 2808 599 2849 quos
617 2808 662 2849 pro
678 2794 726 2838 suis
743 2792 831 2839 viribus
848 2793 932 2851 quibus

94 2918 115 2961 a)
140 2919 251 2955 Franehera
261 2927 298 2961 per
308 2917 408 2958 saxonem
419 2918 497 2960 patrem
508 2898 612 2954 obsidione
622 2917 712 2961 liberata,
723 2918 785 2961 pulsis
798 2919 932 2962 Groninganis

70 2969 90 3003 et
100 2967 166 3003 Frisiis
176 2967 246 3003 horum
257 2968 344 3010 assertis,
354 2968 407 3004 Saxo
418 2977 455 3010 pro
466 2976 533 3010 sna...;
677 2968 699 3010 0)
724 2968 749 3004 A:
760 2969 826 3012 veriti·

95 3016 114 3099 i)
131 3015 268 3106 georgdgdds'
279 3060 309 3099 de'
318 3050 370 3100 zoon
385 3073 422 3098 van
437 3062 535 3098 Albertus.
