2121 3546
542 223 571 271 42

129 349 157 396 16
190 347 305 395 kalendas
339 347 466 395 Januarii1
500 347 614 406 postridie
647 347 675 394 D.
711 347 831 394 Barbarae
866 345 987 405 Virginis²

129 409 171 455 sub
210 411 285 454 noctis
324 408 426 454 medium
465 408 546 454 incidit
585 407 736 454 memorabile
775 407 835 454 illud
874 410 988 465 tristeque

128 466 204 514 tatum
239 485 269 515 ex
304 467 393 514 diluvio
428 470 500 514 maris
536 470 673 514 saevientis.
709 466 842 514 Ventorum
877 469 901 513 vi
938 465 986 513 col·

128 525 192 572 lecta
235 543 298 584 aqua
341 526 372 572 ad
416 536 514 583 aggeres
559 532 686 584 quassatos
729 529 839 584 potentia
883 528 986 572 maxima

128 602 176 631 uno
217 588 308 642 impetu
349 590 426 632 totam
468 588 546 643 operit
588 585 704 640 Frisiam;
747 602 867 644 pecorum,
911 584 986 632 homi·

128 662 184 691 num
195 645 335 703 aediumque
347 645 512 692 subversarum
523 650 546 691 et
559 647 724 691 intereuntium
736 647 817 701 ingens
830 661 940 691 numerus
953 644 987 703 a).

128 706 289 752 Miserandam
300 706 371 764 plane
382 706 548 763 spectaculum,
561 706 588 765 b)
598 712 702 753 mortuos
714 709 799 752 intueri
810 706 915 752 homines
927 722 988 763 aqua

129 767 192 814 salsa
205 770 293 825 sopitos
314 773 436 815 —tantus
449 785 534 826 nempe
547 785 623 826 aquae
636 767 771 814 inundantis
785 768 850 815 turor
864 769 948 822 extitit¹
962 772 988 814 ut

129 830 224 875 tumulis
234 835 311 875 erecta
321 835 399 875 castra
407 847 420 876 c
420 831 433 887 )
441 846 599 887 perpraeceps
609 829 719 876 devoluta
728 832 774 875 sint
782 857 813 864 —-
821 832 923 887 parietes
932 828 987 875 soli·

130 890 160 936 do
173 889 252 947 lapide
265 895 366 936 structos
380 891 498 946 disjectos.
524 889 560 936 Ex
573 890 653 936 Veteri
666 889 735 937 Valle
748 895 876 947 nostroque
889 889 988 945 collegio

129 950 214 996 tratres
229 953 257 995 42
272 952 350 1007 aggeri
365 950 480 996 servando
495 967 548 997 cum
562 950 658 1008 reliquis
672 952 812 997 rusticorum
826 951 939 1007 proximis
954 952 988 995 in·

129 1014 239 1057 sistentes
255 1029 302 1058 uno
318 1014 405 1058 vertice
421 1014 499 1069 ipsum
514 1029 579 1058 mare
595 1012 731 1069 absumpsit.
748 1011 784 1057 Ex
800 1014 922 1058 maritimis
939 1028 987 1058 om·

129 1071 196 1118 nibus
209 1074 250 1118 vix
263 1074 380 1130 quispiam
392 1074 473 1118 vivens
487 1079 594 1129 repertus
608 1077 650 1118 est.
665 1072 770 1118 Eandem
784 1074 855 1118 maris
869 1074 929 1118 irati¹
937 1088 988 1118 sae-

129 1136 209 1179 vitiam
218 1150 314 1179 sensere
322 1139 436 1192 quotquot
446 1150 534 1180 oceano
543 1134 610 1181 luere
618 1136 719 1191 proximi
730 1150 735 1186 ;
746 1152 760 1180 a
769 1133 843 1179 Danis
853 1133 990 1180 Zelandiam

130 1212 205 1252 usque
221 1197 366 1252 provinciam
382 1198 464 1252 ingens
481 1195 654 1241 submersorum
670 1212 780 1241 numerus
798 1195 929 1252 descriptus
946 1199 988 1241 est.

130 1256 158 1302 D,
168 1256 274 1303 Ulbodus
283 1257 319 1303 his
329 1258 481 1303 incommodis
492 1274 563 1314 supra
573 1257 667 1303 modum
677 1257 794 1311 adflictus.
806 1257 835 1303 de
845 1257 889 1303 Dei
899 1258 988 1303 miseri-

130 1317 211 1363 cordia
228 1319 322 1364 minime
340 1317 475 1375 desperans,
494 1322 572 1363 erecto
590 1320 667 1363 animo
685 1334 728 1364 sua
746 1317 861 1364 industria
879 1318 990 1364 damnum

130 1379 261 1425 inauditum
278 1380 434 1436 divinitusque
450 1378 543 1425 illatum
559 1381 647 1425 sarcire
662 1378 758 1425 studuit.
776 1377 826 1425 Sibi
841 1379 990 1436 providentia

132 1457 174 1486 sua
186 1439 314 1497 aliquando
325 1443 477 1497 prospiciens,
490 1442 514 1486 in
526 1441 630 1486 futurum
642 1445 751 1486 eventum
763 1441 793 1486 de
805 1440 937 1497 colligenda
949 1457 989 1498 pe·

130 1504 199 1548 cunia
213 1507 315 1548 caverat,
330 1501 397 1548 Hanc
411 1502 550 1549 calamitoso
562 1502 606 1549 hoc
621 1507 732 1559 tempore,
747 1501 879 1559 dosephum
893 1502 989 1560 Aegyp·

130 1566 215 1608 tiorum
228 1578 381 1608 oeconomum
394 1564 401 1585 ³
414 1561 552 1616 aemulatus,
566 1562 659 1608 affatim
672 1562 768 1619 profert.
782 1562 885 1620 reliquos
898 1562 989 1608 oiiieio·

130 1639 182 1669 rum
205 1624 345 1680 praefectos,
369 1628 395 1669 ut
411 1623 474 1669 idem
490 1640 521 1669 ex
536 1640 579 1670 suo
595 1626 709 1681 penuario
726 1624 854 1681 proterant,
872 1623 989 1670 sollicitat.

60 1695 64 1698 ’
131 1683 217 1741 Sicque
237 1689 318 1730 nostro
338 1689 489 1742 prospectum
509 1689 545 1730 est
565 1684 684 1739 coenobio,
705 1701 735 1731 ne
756 1685 787 1731 ad
807 1687 990 1731 internecionem

131 1747 234 1801 perierit.

131 1803 278 1851 Transcurso
309 1810 362 1862 post
395 1804 507 1852 diluvium
539 1822 624 1851 novem
656 1822 770 1852 annorum
803 1807 879 1863 spatio
912 1809 990 1852 aetate

133 1868 217 1921 gravis,
234 1867 309 1911 accito
325 1870 393 1922 patre
408 1865 494 1912 abbate
509 1865 611 1912 Valtone
627 1866 725 1912 liberam
741 1883 798 1912 suae
815 1866 934 1923 dignitatis
951 1866 991 1912 ab·

131 1927 273 1973 dicationem
286 1930 396 1985 impetrat
410 1930 434 1973 in
449 1933 532 1974 octava
547 1927 570 1974 ὃ,
586 1927 685 1974 Joannis
700 1928 822 1985 Baptistae
838 1930 852 1974 ⁴.
868 1927 921 1980 Qua
936 1945 991 1974 con·

132 2005 199 2034 cessa
212 1988 264 2034 loco
277 1989 363 2034 cedens
376 1988 469 2035 Tallum
481 1992 590 2046 migrans,
605 1992 679 2047 primo
693 1992 805 2036 cessionis
819 2006 880 2036 anno
894 1989 990 2036 exhala-

131 2053 180 2094 tam
193 2051 296 2094 animam
308 2048 409 2095 Domino
423 2049 496 2095 tradit
510 2066 572 2095 anno
585 2051 754 2107 praefecturae
770 2053 803 2104 13,
818 2050 901 2096 salutis
916 2053 989 2103 1296;

132 2109 161 2167 d)
173 2108 241 2154 fratri
253 2108 434 2156 contumulatus.

396 2234 454 2278 Idzo
466 2234 592 2278 Hermann
604 2212 680 2278 abbas
693 2233 724 2277 X.

132 2358 202 2403 Anno
221 2362 275 2415 post
292 2355 405 2403 diluvium
423 2357 493 2402 tertio
511 2354 601 2402 abbatis
620 2355 860 2401 Praemonstratensis
879 2353 992 2401 mandatu

132 2436 175 2476 per
195 2421 328 2464 visitatores
349 2417 439 2463 Frisiae
460 2419 582 2475 utriusque
603 2416 724 2463 orientalis
746 2421 769 2463 et
790 2416 943 2463 occidentalis
965 2417 991 2474 e)

133 2479 346 2536 Groninganaeque
371 2478 465 2524 ditionis
491 2480 569 2523 omnia
594 2483 643 2523 tam
660 2480 764 2523 virorum
780 2493 852 2534 quam
869 2476 992 2523 mulierum

133 2540 232 2588 lustrata
249 2545 303 2587 sunt
320 2539 419 2597 collegia
436 2542 593 2597 rescitumque
610 2539 640 2586 de
657 2537 821 2596 superstitibus
839 2538 951 2584 iratribus
969 2543 992 2584 et

157 2671 177 2712 a)
188 2686 190 2691 ·
202 2670 254 2705 add:
266 2669 316 2705 sicut
326 2668 347 2704 in
358 2666 461 2703 maritimis
472 2667 505 2702 vix
517 2665 578 2702 cladis
589 2665 672 2701 nuncius
683 2664 804 2707 superfuerit
810 2675 818 2706 ;

156 2718 177 2760 b)
201 2716 313 2754 hominibus
327 2725 386 2759 opem
399 2714 552 2758 implorantibus
565 2713 585 2749 in
599 2712 648 2756 ipsis
662 2721 756 2755 aquarum
771 2712 879 2749 vorticibus
892 2710 991 2755 praesidio

133 2777 176 2859 esscl
187 2777 227 2852 nid
232 2776 322 2858 diffide
333 2815 358 2857 bii
369 2814 394 2851 A:
404 2814 480 2850 sumen
491 2815 511 2849 et
521 2813 607 2855 wieren;
699 2811 720 2853 d)
745 2811 798 2847 add:
808 2810 885 2847 Lidlom
896 2810 992 2853 delatum·

158 2865 177 2907 e)
202 2864 254 2901 add:
268 2863 377 2906 limitanea·

158 2950 166 2985 1
194 2948 215 2985 17
230 2947 343 2985 December.

157 2999 169 3035 2
193 2997 258 3035 ineest
269 2998 286 3042 4,
298 3006 352 3035 soms
366 2997 388 3034 16
399 2995 512 3032 December.
526 2994 558 3031 Zie
571 2993 638 3030 echter
650 2993 683 3030 int.
697 3004 714 3037 p.
728 2992 813 3030 XXXIII.

157 3047 169 3084 3
194 3045 276 3084 Genesis
290 3044 409 3082 41:46-57.
595 3044 606 3079 4
632 3040 700 3078 ituri.
