2121 3546
476 248 507 293 69

60 375 167 423 ,attamen
176 369 280 415 invidiae
291 377 396 426 paenam
403 372 521 416 sustinens
533 369 563 417 ob
574 379 666 417 morum'
677 371 840 428 laetorumque
851 372 921 416 recti·

62 431 168 478 tudinem
180 430 210 477 ab
224 433 281 488 ipsis
295 436 424 478 conventus
438 431 563 478 sororibus.
579 432 708 479 Cuiusdam
721 432 842 479 Romberti
857 431 921 478 Gab-

63 494 132 549 binga
145 495 189 539 viri
202 492 308 539 bellicosi
320 493 409 540 rabiem
422 496 516 551 saepius
530 496 605 541 vitare
619 499 714 541 coactus
728 499 771 549 est.
785 494 850 552 quod
863 496 882 539 is
897 496 920 539 in

62 560 133 612 caput
145 556 218 611 ipsius
230 557 322 601 iurasse
334 555 457 602 diceretur,
470 555 614 602 Electionem
626 556 724 603 liberam
737 556 851 603 ecclesiae
864 556 922 602 Vin·¹

62 633 173 663 somanae
182 621 314 674 acceptans,
325 618 352 675 α)
361 617 438 663 eidem
446 617 561 674 pastorali
569 635 640 664 curae
649 618 728 672 multis
739 621 806 664 annis
816 620 920 675 inservit.

63 676 198 722 Studiorum
209 692 289 722 amore
300 681 390 734 captus.
402 676 493 723 abbatis
505 677 600 724 licentia
611 680 743 735 impetrata,
756 678 783 736 b)
795 677 921 724 substituto

63 737 188 792 sacellano,
200 737 328 784 Lovanium
338 738 402 785 adiit.
415 738 474 785 Iuris
485 741 607 797 utriusque
618 742 741 786 scientiam
750 739 824 786 multo
835 739 922 786 sudore

62 799 168 856 adeptus,
184 800 254 845 rediit
270 800 301 846 ad
316 817 383 847 suam
398 800 528 847 ecclesiam.
545 801 605 847 Hinc
621 801 735 848 ecclesiae
750 803 776 860 c)
792 801 920 848 Sextibiro·

63 875 146 904 manae
160 875 242 905 curam
255 876 297 916 per
312 863 492 917 resignationem
507 864 662 907 antecessoris
677 861 780 919 Reyneri
795 864 920 918 sucipiens.

63 940 118 970 suos
131 928 158 970 ut
171 926 194 969 in
208 926 340 980 propinquo
354 923 454 969 subinde
467 925 577 968 inviseret
591 922 701 979 collegas,
716 923 813 969 verbum
827 923 872 969 Dei
886 926 920 968 in-

62 987 126 1042 genti
141 986 234 1031 fervore
248 985 352 1042 fideique
366 984 418 1031 zelo
433 985 508 1031 docet.
524 984 708 1030 Leovardienses
724 985 831 1042 precibus
847 988 920 1042 impe-

63 1050 126 1091 trant
142 1044 172 1090 ab
188 1043 284 1090 Takone
300 1044 391 1098 abbate,
408 1046 477 1101 cujus
495 1044 650 1101 jurisdictioni
667 1044 768 1099 suberat,
786 1061 921 1102 supremum

63 1123 146 1152 munus
161 1108 309 1163 pastoritium
323 1105 437 1152 ecclesiae
452 1105 480 1151 D.
495 1105 543 1151 Viti
558 1105 645 1152 Curiae
658 1105 757 1160 Veteris,
773 1111 844 1152 ulex
858 1108 921 1152 omni

63 1168 153 1214 Frisiae
168 1170 239 1214 totius
255 1167 354 1224 collegio
369 1167 598 1213 Praemonstratensi
613 1167 703 1214 licitum
718 1167 764 1213 illis
781 1170 817 1221 sit.
835 1167 921 1224 eligere

63 1234 183 1287 pastorem
193 1232 269 1275 virum
280 1229 376 1275 doctum
386 1234 409 1275 et
420 1231 491 1286 pium,
504 1228 555 1274 Hac
566 1231 657 1274 ratione
669 1231 753 1283 evenit,
765 1234 792 1275 ut
804 1229 921 1276 Zelandus

63 1296 143 1337 noster
160 1291 195 1336 illi
212 1291 381 1348 praeficeretur
399 1290 519 1336 ecclesiae.
538 1291 640 1336 Proinde
658 1308 711 1337 cum
729 1291 819 1337 videret
837 1294 922 1337 civium

63 1356 232 1410 increscentem
242 1353 329 1407 luxum.
341 1352 475 1410 superbiam
484 1358 508 1398 et
518 1353 618 1407 divitias.
629 1352 772 1410 triumphum
783 1358 806 1399 et
816 1353 921 1407 choreas,
982 1394 984 1398 ,

63 1417 128 1471 gravi
139 1415 223 1461 ductus
235 1417 319 1472 spiritu
330 1415 360 1460 de
371 1414 436 1471 abitu
446 1415 555 1460 meditari
566 1417 664 1472 occepit
677 1414 742 1461 Haec
754 1432 782 1461 eo
794 1415 922 1461 meditante
941 1434 943 1437 ’

63 1476 210 1523 commodum
225 1479 270 1533 ipsi
285 1476 359 1522 libera
373 1476 474 1522 offertur
489 1478 578 1533 proprii
593 1479 729 1522 monasterii
744 1476 834 1531 electio,
851 1493 922 1534 quam

62 1539 215 1609 confirmatus
227 1543 281 1596 post
292 1541 492 1584 consecrationem
503 1543 625 1596 acceptam
637 1539 688 1585 solo
699 1539 854 1596 quadriennio
866 1556 922 1596 pru-

63 1598 325 1703 }iilddtrulbmtametsi
371 1657 428 1703 nihil
475 1660 554 1714 egerit,
587 1656 706 1703 solvendis
754 1658 838 1704 debitis
869 1657 921 1715 plu·

64 1718 148 1763 rimum
160 1719 284 1774 praestitit.
297 1717 368 1774 Aqua
380 1719 495 1762 intercute
508 1716 618 1762 laborans
631 1719 718 1763 sensim
732 1717 819 1763 deficit.
832 1717 923 1763 Vocato

62 1783 131 1835 patre
141 1778 226 1824 abbate
236 1778 264 1824 Ι),
274 1777 371 1824 Takone
381 1781 431 1824 viro
442 1778 578 1833 clarissimo,
590 1778 695 1824 collectis
707 1779 813 1825 omnibus
824 1779 923 1831 liberam

63 1841 174 1895 impetrat
187 1840 399 1884 manumissionem,
414 1838 476 1883 Dato
490 1837 577 1891 salario
591 1855 669 1884 annuo
683 1838 781 1884 Medum
794 1839 921 1896 proiectus.

62 1899 193 1945 solitariam
204 1901 278 1945 vitam
289 1904 392 1953 acturus,
404 1899 475 1956 paulo
487 1904 542 1957 post
553 1899 656 1945 feliciter
666 1902 690 1945 in
701 1900 805 1946 Domino>
814 1903 920 1954 moritur¹

64 1962 108 2005 300
119 1958 243 2006 aureorum
254 1959 391 2005 thesaurum
401 1961 532 2005 successori
542 1958 685 2017 relinquens.
698 1959 762 2005 Obiit
773 1976 836 2006 anno
848 1963 905 2006 1492
917 1978 922 2014 ς

64 2020 172 2067 Lidlomii
185 2023 209 2066 in
222 2020 294 2067 choro
308 2021 418 2067 abbatum
432 2020 538 2078 sepultus
552 2023 658 2079 quiescit.

310 2133 399 2176 Petrus
407 2133 486 2177 Valck
495 2133 570 2177 abbas
578 2133 674 2177 ΧΧΙΧ,
748 2107 750 2110 Α

61 2226 173 2273 Turbatis
181 2229 205 2273 in
213 2226 305 2274 Phrisia
314 2227 385 2275 rebus
395 2228 503 2275 omnibus
512 2232 645 2275 monastica
654 2229 756 2286 dignitas
765 2229 863 2276 diliicile
872 2247 921 2276 ser-

63 2289 114 2332 vari
122 2289 204 2344 potuit,
213 2292 293 2334 tantus
302 2290 405 2335 omnium
413 2306 443 2334 ex
448 2291 584 2346 >perniciosa
593 2289 621 2347 d)
631 2294 748 2335 sectarum
757 2288 924 2346 Sciringiorum

65 2351 88 2391 et
99 2345 284 2403 Vetcoperorum
295 2346 373 2394 classe
384 2348 449 2394 furor
462 2350 546 2394 extitit.
559 2348 724 2402 Necessarium
736 2351 805 2405 igitur
818 2349 862 2395 luit
874 2365 923 2394 mo·

64 2411 168 2454 nasterio
177 2408 320 2455 Lidlomensi
330 2409 360 2455 de
369 2426 430 2456 novo
440 2415 463 2456 et
473 2410 584 2467 prudenti
593 2412 729 2467 prospicere
739 2427 872 2465 oeconomo,
884 2413 924 2468 qui

65 2469 118 2516 huic
127 2470 250 2517 naviculae
259 2472 398 2528 praesidens
408 2471 501 2518 clavum
510 2477 561 2518 tuto
570 2482 653 2529 regere
663 2477 686 2518 et
696 2472 827 2529 gubernare
836 2477 923 2530 posset.

65 2535 160 2582 Summo
174 2538 305 2582 animorum
318 2551 440 2589 consensu,
454 2533 483 2580 D.
497 2533 593 2580 Takone
607 2539 675 2591 patre
689 2534 774 2580 abbate
787 2535 924 2592 praedictae

64 2596 173 2644 electioni
186 2597 342 2655 praesidente¹
358 2596 493 2653 designatur
508 2596 580 2642 abbas
594 2596 678 2642 Petrus
691 2596 760 2651 vall,
774 2600 923 2654 praepositus

65 2660 89 2703 in
105 2657 181 2703 Vinea
196 2656 296 2711 Domini,
313 2658 354 2714 qui
370 2658 451 2702 statim
466 2655 495 2701 ab
512 2656 627 2702 electione
643 2656 802 2711 confirmatus.
820 2655 925 2714 Traiecti

64 2724 221 2766 consecratur.

64 2778 118 2825 Fuit
153 2778 190 2824 hic
225 2778 310 2824 Petrus
345 2779 440 2823 natione
477 2775 616 2831 Hollandus
654 2776 814 2823 Harlemensis
851 2777 924 2824 nobili
948 2822 949 2825 ,

64 2837 194 2885 Valkorum
214 2837 304 2883 familia
324 2837 443 2883 oriundus.
465 2836 635 2882 Grammatices
657 2840 790 2894 praeceptis
816 2840 874 2883 satis
900 2840 924 2883 in

89 2960 109 3003 a)
134 2960 158 2997 iis
171 2960 225 2997 uicis
236 2960 307 2997 callide
320 2962 382 2997 semet
395 2947 486 2997 subducit
498 2961 518 2996 er
530 2959 672 2996 monasterium
685 2960 779 3002 relinquit
785 2971 793 3003 ;

91 3010 110 3053 c)
135 3010 254 3053 Sexbirom;
460 3031 461 3034 =
521 3009 542 3051 b)
567 3010 681 3053 conanum

87 3061 109 3103 d)
133 3060 165 3096 A:
182 3060 319 3103 perniciosos
