2121 3546
479 257 508 310 ii

60 382 141 443 predi.
173 385 262 443 Lapide
278 385 410 440 destitutus,
428 387 455 444 a)
472 389 613 443 comparatis
630 386 728 433 navibus
745 389 829 443 magno
847 379 927 432 labore

69 447 155 492 lateres
173 449 196 491 in
214 445 348 492 Baiomensi
365 449 483 492 territorio
501 451 579 492 coctos
598 447 677 493 colore
688 446 722 505 b)
740 463 823 493 croceo
842 446 928 493 adduci

69 509 144 558 curat;
155 522 185 551 ex
194 522 253 558 marr
246 504 340 551 allatis
350 505 444 552 conchis
454 522 581 563 earumque
591 509 717 564 putamine,
728 508 823 564 proprio
833 511 928 564 sumptu

69 565 158 612 calcem
166 582 280 637 concoqui
274 565 372 618 'eiiicin
382 566 446 623 ligna
454 565 589 623 Hamburgo
598 567 682 613 advect
672 572 697 613 ta
706 576 790 623 magno
799 571 927 624 comparat

71 625 167 697 Incepto
176 642 241 683 oper1
235 628 355 682 gnaviter
364 627 476 680 intentum
486 643 618 681 conversos,
628 627 737 673 sacerdot
727 632 770 681 tesi
780 626 860 681 laicos,
870 643 927 684 quo·

70 701 121 731 rum
132 687 213 742 ingens
225 691 276 732 erat
287 702 403 741 numerus.
416 689 565 744 cooperarius
577 663 669 734 sibimet
681 687 784 741 adhibes
798 689 824 746 c)
836 687 928 733 voluta·

70 748 133 792 tione
164 751 231 792 rotae
262 763 318 793 usus
350 745 436 793 lateres
454 747 483 805 d)
500 747 564 793 facili
581 746 684 794 labore'
678 765 706 794 rn,
719 721 818 794 sublime
835 747 928 794 tollunt.

71 808 97 865 e)
112 807 201 864 Apium
216 810 290 853 instar
306 810 395 864 ingenti
411 809 509 863 fervore.
527 809 613 856 sudore
630 810 724 856 detersa
740 810 807 863 facie,
826 812 928 867 parietes

70 885 117 915 uno
126 869 214 915 ambitu
223 872 321 926 erigunt.
330 868 428 928 Absque
437 870 486 917 ulla
495 887 593 928 operum
602 873 738 917 remissione
748 873 819 917 etiam
828 870 929 917 brumali

71 934 176 986 tempore
200 929 295 975 horrido
312 935 336 975 et
353 929 412 977 duro
429 932 469 976 vix
485 932 611 988 quicquam
628 931 672 976 sibi
689 930 847 987 indulgebant,
865 930 929 989 quod

71 992 186 1037 continuis
201 1008 243 1036 sex
256 993 323 1037 annis
337 997 378 1038 aut
391 1009 419 1038 eo
433 991 533 1049 amplius
548 991 647 1046 duravit,
663 995 696 1038 sic
709 996 866 1039 utaerarium
880 1009 929 1038 mo·

71 1053 187 1098 nasticum
204 1069 301 1109 prorsus
319 1052 488 1107 exhauriretur.
507 1053 570 1100 unde
588 1063 673 1110 magna
692 1053 789 1107 abbatis¹
809 1056 931 1100 oeconomi

71 1118 263 1171 coeterorumque
272 1114 371 1161 fratrum
379 1115 409 1161 ob
417 1121 500 1161 tenues
509 1121 637 1172 proventus
654 1114 794 1162 sollicitudo.
805 1115 930 1162 Caeterum

72 1177 150 1235 Hoyto
162 1179 325 1235 sagacissimus
337 1176 387 1223 Deo
399 1177 483 1231 fidens,
495 1181 598 1222 erectam
609 1182 711 1222 mentem
723 1177 815 1223 fortiter
827 1179 928 1232 retinuit,

71 1254 119 1296 qua
128 1238 227 1284 firmiter
237 1252 397 1295 perseverans,
408 1239 492 1283 erectis
503 1236 534 1282 ad
545 1239 702 1282 summitatem
712 1236 847 1294 parietibus¹
858 1238 929 1283 trabi-

72 1300 115 1346 bus
127 1302 248 1358 apparatis
260 1299 324 1345 lacta
336 1301 514 1356 contignatione.
528 1315 558 1344 ex
571 1298 685 1345 arundine
697 1303 785 1345 tectum
796 1300 929 1357 imponitur,

73 1359 125 1413 Quo
135 1360 198 1406 lacto
208 1359 280 1406 abbas
290 1361 354 1405 omni
363 1359 520 1405 sollicitudine
530 1363 671 1405 exoneratus
682 1375 735 1405 cnm
745 1358 841 1415 reliquis
852 1359 930 1405 iratri-

74 1422 117 1468 bus
134 1421 250 1476 exultans,
268 1423 320 1478 ipso
338 1420 375 1466 die
392 1422 520 1466 nativitatis
538 1418 561 1465 S.
580 1419 678 1466 Joannis
696 1421 704 1443 1
722 1420 766 1466 Dei
783 1420 890 1467 tutelaris
908 1426 931 1467 et

73 1486 166 1541 patroni
178 1499 271 1529 sacrum
282 1485 383 1540 primum
394 1482 445 1529 Deo
458 1481 553 1539 Optimo
561 1481 677 1536 Maximo,
691 1482 759 1528 divae
772 1485 841 1529 matri
854 1488 877 1528 et
890 1499 931 1539 pa·

73 1550 141 1591 trono
160 1545 269 1602 praelato
288 1543 420 1590 celebratur
438 1545 528 1600 ingenti
546 1560 629 1590 vocum
648 1546 780 1600 mentisque
800 1544 930 1591 dulcedine.

73 1605 164 1663 Templi
188 1611 305 1653 structura
328 1604 436 1652 absoluta
460 1604 558 1651 ulterius
581 1605 741 1662 progrediens,
766 1608 931 1652 canonicorum

74 1667 235 1713 dormitorium
256 1669 318 1724 jacto
337 1665 417 1722 lapide
436 1666 467 1711 ad
486 1682 601 1711 summum
620 1666 739 1722 fastigium
759 1668 832 1722 erigit,
854 1669 887 1712 sic
906 1671 932 1712 ut

74 1731 240 1774 monasterium
255 1730 326 1774 trium
340 1728 433 1774 aedium
448 1729 532 1783 insigni
546 1732 665 1773 constaret
680 1732 771 1773 ornatu.
803 1726 932 1773 Ecclesiam
965 1778 967 1780 ‚

74 1792 168 1847 inopem
186 1789 248 1847 pedo
266 1788 386 1847 pastorali¹
406 1788 471 1834 libris
490 1791 655 1846 manuscriptis
675 1791 754 1834 cantui
773 1789 932 1835 ecclesiastico

74 1853 142 1908 aptis.
158 1850 272 1909 pectorali
286 1855 404 1907 argenteo,
420 1850 501 1896 addita
516 1867 546 1896 ex
561 1852 635 1896 serico
650 1867 726 1907 cappa
741 1849 932 1907 splendidissima

75 1912 134 1957 ditat
146 1917 169 1958 et
180 1916 254 1958 ornat
266 1911 428 1957 Pavimentum
439 1910 504 1957 chori
516 1910 538 1969 l)
550 1910 632 1967 lapillo
644 1915 710 1956 cocto
722 1913 839 1968 variisque
851 1912 933 1968 liguris

74 1973 199 2031 coloreque
207 1989 316 2031 resperso
325 1975 414 2019 sternit
424 1973 451 2031 g)
460 1972 585 2019 Veterem'
578 1989 602 2018 rn
611 1972 680 2018 Valle
688 1972 812 2019 ecclesiam
821 1975 932 2030 temporis

75 2037 162 2092 iniuria
178 2034 314 2092 collapsam,
332 2039 456 2080 restaurat
474 2033 566 2079 Exinde
583 2050 644 2080 anno
657 2034 778 2108 redempti
794 2035 933 2081 orbis11268

74 2095 230 2143 Edmundus²
242 2095 338 2142 Henrici
349 2095 377 2153 h)
386 2092 547 2153 Traiectensis
558 2098 663 2153 episcopi
674 2098 774 2142 vicarius
786 2112 880 2143 crucem
890 2113 933 2153 pro

75 2156 237 2213 recuperanda
253 2161 316 2202 terra
332 2158 436 2202 sancta
430 2172 453 2201 m
470 2155 546 2200 Frisia
562 2155 701 2212 praedicans
718 2155 825 2212 precibus
843 2156 933 2202 abbatis

75 2218 96 2276 i)
109 2216 205 2276 Hoyteti
216 2220 313 2264 veniens
326 2217 449 2264 ecclesiam
461 2233 546 2263 novam
558 2216 608 2263 Deo
621 2219 781 2274 omnipotenti,
795 2217 823 2264 D.
837 2217 933 2274 Virgini,

100 2346 120 2388 a)
144 2345 262 2387 conductis,-

100 2395 121 2438 b)
100 2396 204 2432 badd:
224 2372 294 2436 italam

100 2445 119 2487 c)
144 2447 201 2482 rotae
215 2442 349 2484 adminiculo,¹

100 2494 121 2537 d)
146 2493 222 2537 ingenti
236 2493 319 2535 labore;

100 2544 120 2586 e)
146 2553 224 2586 unoque
242 2542 316 2578 ambitu
336 2542 400 2578 totum
419 2539 513 2583 temptum
531 2539 634 2582 cingentes
652 2540 739 2582 parietes
758 2549 797 2576 uno
815 2541 891 2583 impetu
910 2542 935 2576 ad

77 2603 172 2631 summam
186 2592 310 2629 altitudinem
323 2590 386 2627 niolio
400 2599 496 2626 annorum
510 2589 575 2632 spatio
590 2590 669 2632 erigunt
682 2589 751 2625 labore
765 2590 870 2626 admodum
885 2591 934 2626 duro

77 2644 98 2679 et
108 2642 192 2684 diiiicili,
202 2641 252 2677 sicut
262 2648 368 2681 numquam
379 2639 438 2676 etiam
449 2637 532 2675 brumali
544 2638 633 2680 tempore
644 2638 670 2674 sii
681 2639 785 2680 cessatum,
795 2638 843 2680 ipsis
854 2639 934 2675 canoni-

77 2691 105 2728 cis
116 2692 185 2727 murno
196 2690 216 2726 in
227 2698 289 2733 opere
300 2687 456 2730 succedentibus,
467 2686 494 2722 sic
507 2687 584 2728 ut.......;

101 2740 119 2782 i)
149 2737 363 2779 add.:etsanctuarii;

103 2788 125 2832 g)
152 2788 228 2825 Veteris
239 2786 296 2823 valtis
307 2785 423 2827 ecclesiam

13 2836 24 2847 ²
101 2838 123 2881 b)
148 2847 201 2875 om:
222 2836 315 2879 Henrici;

101 2888 116 2931 i)
148 2887 261 2931 Hodtonis;

102 2988 114 3074 l
137 2986 239 3074 lilnbbldus
253 3035 359 3079 episcopus
372 3033 477 3078 curiensis,
492 3016 582 3076 provisor
596 3032 616 3069 in
630 3032 764 3076 spiritualibus
779 3031 815 3069 v..ii
830 3032 878 3071 bisd
893 3032 935 3070 Utr.

84 3107 85 3110 =
138 3084 203 3130 Brom,
215 3083 319 3128 Regesten
327 3082 372 3120 1722
384 3081 416 3127 (17
428 3062 477 3157 Juni'
487 3080 546 3125 1271)
