2121 3546
567 227 596 270 76

150 350 177 407 α)
189 349 246 395 Post
257 350 388 407 prioratum
399 352 480 405 pastor
493 347 581 394 electus
594 347 621 408 b)
633 346 841 402 Tzemaromensis,
856 351 884 393 18
897 363 1011 394 annorum

150 414 227 469 spatio
241 428 308 457 suam
322 411 445 457 ecclesiam
460 410 560 456 feliciter
575 410 716 467 gubernatus
731 410 838 456 omnibus
852 415 947 467 praeter
962 419 1010 455 mo-

151 474 206 519 dum
225 473 324 519 dilectus
344 475 428 526 extitit,
449 478 548 530 excepto
569 472 662 519 Joanne
681 472 832 518 Rordamano
852 477 966 529 perpetuo
987 474 1010 517 in

149 533 312 581 Lidlomenses
325 535 380 581 odio
392 535 509 589 fervente.
523 537 620 581 tametsi
632 533 777 581 Godetridus
789 536 856 592 pacis
869 538 963 580 amator
974 536 1009 580 in·

150 594 237 639 vidiam
249 594 408 640 dissimularit
420 593 502 640 Abbas
515 594 603 640 electus
616 595 784 640 monasterium
795 596 883 651 reperit
896 593 925 639 ab
939 610 1011 639 avun-

150 655 203 702 culo
215 656 321 702 omnibus
332 656 401 702 rebus
413 661 564 713 prospectum
575 662 599 702 et
610 660 724 709 ornatum,
737 658 760 701 in
772 672 800 702 eo
812 655 903 701 felicior
915 654 1011 712 reliquis

151 718 280 772 abbatibus,
306 735 405 775 quorum
429 717 536 775 plerique
561 720 584 764 in
610 718 771 764 restaurandis
789 717 886 764 aedibus
905 720 1011 774 ingentes

151 781 258 827 teruntur
275 780 400 837 pertulisse
417 784 553 837 sumptuum
569 786 593 826 et
609 797 708 837 operum
724 779 851 826 molestias.
883 778 941 825 Erat
958 779 1012 826 huic

150 842 226 888 irater
235 841 343 888 Joannes
353 844 427 900 prior3
437 859 482 900 pro
492 841 565 889 rebus
576 859 590 888 a
601 859 627 889 se
638 844 662 888 in
672 850 734 899 pago
745 842 856 899 praelato
866 841 930 888 bene
942 842 1009 896 actis,

151 903 261 958 impetrat
274 902 342 947 huius
357 901 500 955 electionem,
515 918 586 959 quem
599 907 622 947 et
636 901 680 947 sibi
693 901 812 948 substituit
826 917 888 947 anno
904 903 968 946 1544.

151 963 221 1009 Anno
234 964 398 1020 praefecturae
411 962 535 1010 Godetridi
548 963 658 1017 secundo,
671 963 765 1009 Domini
778 966 807 1009 45
820 963 896 1020 pridie
909 962 1012 1022 Epipha-

151 1029 204 1071 niae
219 1025 314 1071 Domini
328 1027 336 1049 1
352 1025 481 1072 Sibrandus
496 1025 580 1072 Leonis
595 1025 780 1079 Leovardiensis
797 1025 916 1082 religionis
932 1042 1012 1071 amore

150 1086 1010 1252 ittiitrttttlitsstsstsstiiitiittttdttt‘ttltnlt{tlt

151 1210 180 1252 50
212 1209 264 1262 ipso
296 1206 448 1258 Pentecostes
482 1206 552 1252 die³
578 1205 780 1252 Menaldumensis
799 1205 914 1252 ecclesiae
931 1210 1012 1263 pastor

118 1289 122 1295 ·
152 1268 275 1314 salutatur

151 1329 235 1376 Litteris
248 1335 342 1387 praeter
355 1330 450 1376 modum
462 1330 520 1376 tavit
533 1332 633 1388 optimis
648 1347 751 1387 suosque
762 1330 793 1376 ad
807 1335 828 1376 st
818 1329 885 1376 tudia
897 1335 1012 1387 perpetuo

151 1391 265 1438 hortabat
255 1397 300 1438 tur
311 1393 337 1450 c)
347 1392 475 1438 Plurimum
486 1392 516 1439 de
527 1409 571 1439 sua
581 1394 605 1438 in
615 1392 643 1438 lit
633 1397 739 1442 terarum
750 1392 834 1439 studiis
845 1396 961 1439 consueta
973 1409 1010 1439 so·

152 1451 233 1497 cordia
244 1451 325 1497 doluit
336 1451 506 1497 Bibliothecam
516 1454 584 1508 erigit
595 1451 739 1497 luculentam
750 1452 781 1497 ad
792 1452 865 1497 tinem
876 1451 961 1497 dormit
951 1454 1011 1505 torii.

152 1513 212 1559 hanc
226 1513 305 1559 multis
319 1519 343 1559 et
356 1515 449 1571 optimis
463 1518 563 1559 exornat
577 1513 648 1559 libris.
663 1513 784 1559 Ambitum
798 1529 859 1559 novo
873 1516 956 1559 stravit
970 1530 1012 1570 pa·

152 1578 261 1630 vimento‚
271 1576 420 1621 sacerdotum
429 1576 589 1622 dormitorium
598 1580 660 1621 tecto
669 1592 730 1622 novo
738 1577 830 1632 petrino
839 1575 925 1629 firmat.
935 1581 1012 1622 vestes

152 1637 295 1683 holosericas
310 1655 340 1683 ex
354 1637 441 1694 Anglia
456 1637 567 1683 advectas
582 1637 611 1683 ob
626 1637 745 1693 religionis
760 1639 919 1691 mutationem,
934 1637 1012 1683 Lidlo·

152 1702 228 1746 mensi
244 1700 340 1745 donavit
357 1699 477 1746 ecclesiae
496 1700 679 1746 promissionum
697 1698 811 1746 facilitate
828 1716 891 1754 usus
910 1700 1012 1746 levitatis

152 1766 234 1807 notam
245 1763 286 1807 vix
297 1761 387 1818 elingit.
400 1761 495 1808 Ordinis
507 1763 610 1818 rigorem
621 1760 743 1819 paululum
754 1760 835 1807 reinitt
836 1777 886 1815 ens,
899 1762 1011 1808 sacerdo·

152 1825 202 1867 turn
211 1820 277 1867 luxui
286 1820 418 1878 plusculum
426 1820 571 1877 indulgebat
555 1820 645 1867 tunde
654 1825 710 1879 post
700 1819 771 1867 tobit
761 1825 811 1867 tum
821 1837 858 1867 sur
851 1820 1012 1868 'desiderium

152 1878 261 1926 omnibus
273 1879 376 1937 reliquit.

151 1937 195 1985 His
237 1940 335 1996 pietatis
378 1939 462 1985 studiis
506 1938 624 1986 decennio
667 1940 760 1996 integro
805 1955 897 1986 summa
940 1939 1011 1987 laude

153 2001 186 2043 sic
202 1998 312 2055 praefuit
329 1998 444 2045 utdebiti
460 1997 518 2044 nihil
534 2001 685 2045 contraxerit.
703 1998 929 2050 Quemadmodum'
924 2016 947 2045 ιιι
965 2002 1013 2045 vita

153 2060 212 2107 nulli
224 2063 310 2114 nocuit
324 2064 357 2106 ita
371 2077 414 2106 nec
427 2059 504 2107 obitus
517 2059 580 2107 illius
594 2060 637 2107 ulli
650 2060 770 2106 molestias
784 2063 883 2118 peperit
912 2061 1013 2107 Moritur

153 2122 234 2168 morbo
246 2127 367 2179 correptus
380 2139 407 2168 ar
408 2122 571 2180 ticulari‚'1pso
584 2128 665 2169 sancto
678 2122 739 2169 testo
751 2122 857 2169 Paschae
870 2124 878 2146 r
890 2123 949 2169 hora
960 2127 1014 2180 post

153 2183 276 2230 meridiem
289 2186 371 2241 prima,
386 2189 495 2230 extrema
507 2186 610 2230 munitus
623 2186 742 2238 unctione,
757 2200 829 2242 quam
842 2189 867 2231 et
881 2187 974 2242 optavit
987 2190 1013 2231 et

153 2243 233 2289 voluit.
249 2243 377 2289 Sacerdote
392 2246 552 2301 precationem
566 2243 718 2297 Dominicam.
735 2260 827 2290 sacram
843 2245 1014 2290 confessionem

153 2305 311 2362 praedicente,
322 2308 373 2362 ipso
383 2306 412 2363 d)
421 2311 444 2352 et
453 2305 530 2351 verbis
539 2310 653 2363 quantum
662 2308 739 2363 potuit
748 2310 772 2352 et
781 2311 840 2352 nutu
850 2305 1013 2364 subsequente,

154 2365 300 2411 absolutione
313 2365 375 2411 dicta
387 2365 451 2411 iubet
462 2367 507 2422 ipsi
518 2382 613 2412 manum
624 2367 713 2422 imponi
725 2370 748 2411 et
759 2365 836 2411 verbis
849 2365 1014 2412 ecclesiasticis

154 2426 253 2473 absolvi.
266 2426 320 2480 Quo
332 2427 397 2473 lacto
410 2429 526 2483 evestigio
539 2426 648 2474 omnibus
660 2426 794 2474 astantibus
808 2432 832 2473 et
844 2426 958 2474 flentibus
971 2445 1012 2475 ex·

154 2488 246 2543 piravit.
261 2486 378 2532 Postridie
392 2492 518 2543 praesente
532 2486 560 2533 D.
576 2486 678 2532 Henrico
693 2485 795 2533 Smenck
809 2492 877 2544 patre
892 2487 977 2533 abbate
991 2490 1014 2533 in

191 2661 198 2703 )
223 2661 279 2697 Pn'or
292 2662 407 2704 designatus
418 2671 494 2697 summa
505 2661 589 2697 militariam
601 2662 687 2705 praeest,
699 2662 770 2698 exinde
782 2663 895 2704 pastore
864 2663 909 2705 εισι

191 2709 199 2751 ι
223 2709 243 2745 ιι
256 2709 407 2752 Τιοιιιιιιοιι;

179 2670 190 2696 a

178 2709 197 2800 ι)
222 2760 247 2796 de
258 2768 293 2795 sua
304 2760 403 2802 imperitia
413 2759 549 2796 indictarum
559 2759 629 2796 studiis
640 2759 746 2818 plurimum
758 2759 827 2797 doluit.

178 2808 240 2851 ιιιΑ
243 2810 332 2852 :ipsuum

180 2908 187 2942 1

214 2907 225 2943 5
237 2906 322 2943 Januari.

178 2955 190 2991 2
215 2955 237 2991 12
248 2954 320 2992 Maart.

177 3005 189 3041 3
213 3005 237 3042 25
248 3003 294 3042 Mei.

178 3055 190 3091 4
214 3055 225 3092 2
237 3054 298 3099 April.
