2121 3546
506 241 514 282 1

221 358 269 412 Pio,
280 358 355 413 docto,
365 359 594 418 prudentissimoque
601 362 652 406 viro
660 359 689 406 D,
698 358 786 406 Joanni
794 357 941 406 Geelmuden

226 420 304 466 abbati
320 420 468 475 Lidlomensi,
486 421 579 468 domino
595 439 638 468 suo
653 421 780 479 plurimum
795 421 887 475 dilecto,
905 420 940 466 Si·

225 481 329 528 brandus
350 481 440 537 Leonis,
463 485 486 528 in
508 482 600 530 Lidlum
621 485 747 529 canonicus
769 487 793 529 et
814 487 895 541 pastor
917 484 940 528 in

225 542 345 597 Menaldo,
356 542 379 588 S.
389 543 414 588 P.

82 667 178 721 Plinius.
192 666 342 713 historiarum
355 668 458 713 omnium
471 666 594 712 thesaurus
608 666 638 712 ab
651 665 758 712 omnibus
772 665 847 712 doctis
861 665 940 711 litera·

83 744 181 784 rumque
193 726 321 773 cultoribus
335 743 406 783 supra
419 727 515 773 modum
527 726 696 784 suspiciendus,
711 726 770 785 libro
784 725 941 772 Historiarum

83 787 128 833 VII
144 792 214 845 caput
229 790 258 833 56
273 786 394 841 Cadmum,
410 785 574 833 Thebanorum
589 789 724 844 principem,
740 787 891 833 historiarum
906 789 941 831 in-

82 853 203 895 ventorem
211 848 294 900 refert.
307 847 376 900 Quod
388 865 460 905 quam
471 849 572 905 insipide
584 854 607 894 et
619 848 707 894 insulse
720 851 750 894 sit
763 848 850 895 dictum
864 865 878 893 a
891 849 940 893 viro

63 940 65 944 ·
82 912 186 956 omnium
197 909 328 956 seculorum
340 909 414 955 literis
426 909 561 964 cultissimo,
574 912 597 955 in
610 912 796 967 praesentiarum
808 927 855 956 non
868 909 940 955 refert

83 971 206 1024 discutere,
221 969 293 1016 abbas
307 970 433 1028 plurimum
447 970 538 1024 dilecte,
553 987 625 1028 quum
639 973 714 1027 ipsam
728 970 878 1016 historiarum
892 987 940 1015 om·

83 1034 146 1077 nium
160 1048 245 1077 venam
259 1036 282 1077 et
297 1034 410 1088 originem
423 1034 475 1089 ipsa
490 1048 557 1078 sacra
572 1031 676 1078 referant
691 1031 773 1085 Biblia,
789 1030 941 1078 illustrissimi

83 1091 243 1139 israelitarum
256 1092 322 1139 ducis
335 1093 430 1139 Moseos
443 1109 522 1150 opera,
536 1093 647 1139 aethereo
661 1092 764 1139 dictante
777 1095 860 1149 spiritu
873 1092 940 1138 nobis

81 1153 175 1211 prodita
185 1159 256 1211 atque
265 1156 288 1198 in
298 1171 351 1200 eum
359 1171 428 1200 usum
437 1154 530 1208 tradita,
541 1159 567 1200 ut
576 1156 604 1200 iis
614 1171 658 1200 ceu
667 1154 869 1200 abundantissimo
877 1170 941 1212 penu

82 1217 182 1272 quisque
202 1218 226 1261 in
246 1218 328 1272 quavis
350 1217 412 1261 vitae
433 1218 523 1261 ratione
544 1217 692 1272 omnigenam
707 1215 800 1263 ,referat
821 1216 940 1262 fructuum

81 1278 180 1334 copiam.
190 1276 266 1322 Homo
274 1293 359 1334 nempe
367 1276 411 1322 Dei
421 1276 491 1323 facile
500 1276 646 1330 obliviscens,
657 1275 746 1323 Satana
756 1293 848 1323 omnem
858 1277 940 1323 divini·

83 1340 138 1384 tatis
154 1340 290 1384 memoriam
304 1338 435 1385 hominibus
451 1338 576 1393 adimente,
592 1343 618 1385 ut
634 1340 657 1384 in
673 1337 837 1395 prothoplasto
853 1338 948 1396 liquide

83 1404 174 1446 constat
192 1405 215 1445 et
233 1403 336 1446 omnium
354 1404 457 1447 aetatum
475 1400 549 1446 literis
567 1405 591 1446 et
609 1402 764 1446 monumentis
783 1399 851 1446 editis
871 1399 941 1446 lacile

83 1461 230 1517 comprobari
241 1466 327 1517 potest;
340 1461 403 1507 unde
415 1467 438 1508 et
449 1464 509 1507 vitas
521 1461 708 1518 patriarcharum
720 1466 743 1508 et
755 1466 849 1518 patrum
861 1463 885 1507 in
896 1461 948 1507 hoc

83 1521 149 1567 nobis
163 1520 257 1567 relictas
272 1522 395 1575 credimus,
409 1527 435 1568 ut
450 1539 530 1568 eorum
545 1522 623 1577 fidem,
639 1522 797 1568 obedientiam
811 1527 834 1568 et
849 1521 940 1569 humili·

83 1587 155 1628 tatem
166 1585 297 1637 imitantes,
317 1585 405 1640 regiam
422 1586 490 1638 viam,
509 1600 557 1641 qua
575 1586 620 1630 itur
639 1583 670 1630 ad
688 1586 789 1642 patriam
807 1583 940 1638 coelestem,

82 1643 227 1690 incedamus
234 1643 337 1690 Assidue
346 1660 447 1701 namque
456 1644 568 1690 lectiones
577 1643 733 1699 historiarum,
744 1660 826 1691 sacrae
835 1646 940 1702 inprimis

83 1706 219 1761 scripturae,
233 1704 349 1751 hominem
362 1705 393 1751 ad
406 1711 529 1763 utramque
542 1709 614 1752 vitam
627 1706 770 1752 inlormant:
784 1706 905 1763 politicam
918 1711 941 1752 et

82 1769 238 1815 christianam.
253 1767 304 1814 Hoc
317 1770 386 1824 igitur
399 1783 457 1824 prae
470 1770 569 1813 caeteris
583 1767 671 1813 honore
685 1784 775 1814 summo
789 1767 873 1824 dignae
887 1772 941 1813 sunt

82 1831 194 1876 historiae
206 1846 294 1884 sacrae,
308 1829 371 1887 quod
384 1831 411 1874 iis
424 1846 470 1874 non
483 1833 574 1874 tantum
587 1828 695 1886 politicus
709 1828 751 1874 sed
764 1833 788 1874 et
800 1829 940 1875 christianus

82 1896 175 1938 creatur
193 1891 269 1937 homo.
288 1890 417 1937 Abrahami
437 1892 556 1948 justitiam,
576 1890 627 1936 Noe
645 1890 788 1947 pudicitiam,
808 1890 940 1936 Salomonis

82 1953 238 2011 prudentiam,
253 1952 348 1998 Moseos
363 1952 530 2005 fortitudinem,
547 1951 635 1998 Josuae
650 1952 772 1998 audaciam
796 1952 941 1998 ethnicorum

83 2016 214 2072 principum
228 2014 351 2071 descriptis
365 2013 495 2067 virtutibus,
510 2030 540 2059 ex
553 2015 610 2071 ipsis
624 2012 774 2059 historiarum
788 2013 940 2071 scriptoribus

82 2076 218 2122 clarissimis
231 2077 317 2133 petitis,
330 2074 428 2132 quilibet
440 2075 548 2121 conferre
561 2079 645 2132 potest,
659 2077 699 2132 qui
712 2074 808 2129 Livium,
823 2075 939 2129 Orosium,

82 2136 226 2194 Eutropium,
245 2135 352 2189 Plinium,
371 2134 514 2189 Ciceronem,
532 2133 638 2181 Tacitum
656 2140 679 2181 et
697 2134 834 2182 Suetonium
851 2135 940 2193 legerit.

82 2198 144 2244 Nam
153 2203 176 2244 et
185 2197 209 2244 hi
218 2214 273 2243 suos
282 2196 369 2243 habent
379 2196 533 2250 Abrahamos,
544 2196 602 2251 Noe,
613 2196 704 2252 Mosen,
716 2196 790 2243 Josue
800 2202 824 2244 et
834 2196 939 2243 Salomo-

82 2275 142 2304 nem.
157 2259 184 2316 n)
198 2257 256 2310 Quis
270 2274 374 2315 unquam
388 2256 491 2304 Caesare
505 2256 635 2303 Octaviano
649 2260 738 2304 maiore
752 2259 810 2303 vixit
826 2258 939 2316 justitia?

82 2318 215 2370 Alexandri
224 2317 420 2375 fortitudinemb),
429 2320 449 2364 si
457 2320 509 2375 quis
518 2334 571 2364 cum
580 2316 595 2363 J
597 2335 654 2364 osue
663 2318 775 2372 conferat,
786 2317 910 2365 Platonem
917 2323 941 2365 et

82 2378 192 2425 Solonem
203 2381 226 2424 in
238 2378 366 2425 condendis
378 2377 467 2434 legibus
480 2377 605 2440 Salomoni,
619 2378 746 2425 Caesarem
758 2378 848 2426 dulium
860 2378 940 2434 Josue,

80 2439 168 2486 videbit
178 2442 278 2497 quisque
288 2439 392 2497 prudens
404 2439 477 2488 lector
489 2438 634 2486 ethnicorum
646 2438 856 2497 chronographiam
867 2443 940 2487 sacris

82 2500 152 2547 facile
163 2503 295 2558 comparari
306 2518 376 2558 posse
387 2500 498 2553 historiis:
512 2500 554 2547 sed
565 2504 589 2547 in
600 2501 644 2547 hoc
656 2517 724 2547 sacra
735 2506 863 2558 praestare,
877 2502 940 2559 quod

81 2563 157 2618 ipsam
171 2577 251 2607 veram
266 2562 358 2607 virtutis
373 2559 455 2615 lucem,
471 2562 589 2617 pietatem,
606 2560 679 2607 iidem
693 2566 717 2607 et
732 2566 842 2608 aeternae
858 2561 941 2616 salutis

83 2639 150 2682 spem
166 2622 248 2668 lectori
263 2622 392 2675 conlerant,
409 2622 472 2680 quod
488 2622 590 2679 praelati
606 2639 686 2669 omnes
703 2625 726 2668 in
743 2639 815 2669 unum
831 2623 941 2670 conflatis

106 2816 126 2858 a)
151 2815 173 2853 ln
185 2817 220 2853 B.:
240 2817 287 2860 Quis
299 2826 384 2859 unquam
397 2815 506 2853 Octaviano
519 2816 597 2859 Cesare,
609 2817 721 2854 lusiniano
733 2818 853 2860 imperatore
865 2818 940 2854 maiore

82 2866 153 2902 claruit
169 2866 252 2907 iusticia,
269 2867 311 2907 quis
328 2865 462 2902 Alexandrum
480 2868 560 2908 superat
577 2866 650 2902 invicta
666 2866 790 2908 tortitudine,
808 2868 903 2904 Solonem
920 2868 940 2903 in

81 2914 151 2950 dandis
168 2914 255 2950 consiliis
271 2915 368 2957 sapientia
385 2915 479 2956 oratoria,
497 2914 543 2956 quid
560 2914 650 2951 Lucretia
666 2916 731 2958 magis
747 2916 846 2958 pudicum,
865 2916 941 2952 Cesaris

82 2963 128 3000 iulii
139 2963 262 3000 constantia?
276 2964 350 3006 Quibus
360 2963 438 3000 collatis
448 2964 534 3007 prudens
545 2963 608 3000 lector
618 2965 722 3007 perspicue
732 2964 806 3001 videbit
817 2965 940 3002 ethnicorum

83 3012 262 3055 chronographiam
280 3013 340 3049 sacris
358 3012 417 3048 facile
435 3012 558 3061 aequiparari
576 3022 636 3056 posse
653 3012 746 3050 historiis.
777 3012 798 3048 ln
823 3014 860 3050 hoc
885 3023 941 3051 sacra

82 3063 191 3106 praestant,
202 3061 255 3105 quod
265 3061 328 3105 ipsam
339 3070 406 3099 veram
417 3063 454 3099 etc.
511 3061 532 3104 b)
557 3061 599 3099 Hs:
607 3062 731 3100 tortitudine.
