2121 3546
489 215 519 268 '19⁹‘

73 345 133 392 Huic
144 343 262 401 Kempon'i
274 343 347 390 frater
360 343 453 390 Jaricus
466 343 516 390 luit.
530 343 606 390 Ducta
618 360 692 390 uxore
704 343 796 401 Kempo
809 342 932 390 Mennoldi

43 461 45 464 ι
71 405 124 452 iilia
135 405 166 451 de
176 403 380 457 Hontumhusum1,
393 402 464 450 Siuck
476 404 551 450 tilium
562 407 701 461 procreavit,
714 409 739 449 at
751 403 789 449 hic
800 421 853 449 cum
865 409 932 461 patre

73 467 175 512 moriens
192 480 284 510 omnem
300 464 471 510 haereditatem
488 463 568 509 Jarico
586 465 726 522 relinquunt.
762 462 863 518 Jarieus,
882 463 933 509 tilia

73 526 172 573 Juvmis
183 526 210 583 a)
220 525 329 571 Garrada
340 525 417 579 ducta,
429 525 531 582 amplam
542 525 647 571 sobolem
656 528 795 583 procreavit.
807 525 879 570 Filias
891 542 931 571 ex-

73 590 143 642 cepta
152 585 179 642 b)
188 584 233 630 IJd
242 602 255 631 c
255 585 268 642 )
276 584 383 630 Bethlem
393 584 443 631 Deo
453 585 580 630 sacrandas
591 586 668 630 infert,
687 585 739 631 Yda
749 589 823 642 nupta
833 584 932 638 Dodoni,

73 645 146 692 nobili
161 648 184 691 in
200 646 365 703 d)Br011tgom
380 647 394 699 ².
412 646 470 692 duas
486 648 566 702 genuit
582 646 650 699 filias.
667 663 729 703 quae
745 646 820 691 altera
837 644 900 703 Syon
918 647 932 699 ³,

74 706 181 753 Bethlem
194 706 270 752 altera
282 706 418 763 ingreditur.
445 706 553 763 Jelgerus
568 707 640 752 abbas
654 706 703 764 Syr,
719 707 794 753 liliam
807 707 833 764 e)
841 706 934 764 Aylelii

75 769 104 814 de
114 768 228 825 Regnada
238 767 322 814 nobilis
333 785 363 814 ex
374 767 473 821 Hallem.
485 771 621 825 priorissam
633 768 679 814 illis
690 769 790 814 ordinat.
802 768 878 814 Aleili
890 768 934 813 lilii

75 830 141 875 fuere
150 828 220 875 Siuch
230 834 253 875 et
262 828 339 885 Viget,
349 831 455 875 canonici
464 832 488 874 in
498 829 572 875 Horto
582 830 682 882 Mariam
693 830 775 876 horum
785 830 859 875 frater
869 829 933 886 Verp

74 888 194 945 Regnada
204 891 244 946 qui
254 887 332 934 liberis
342 905 425 934 carens
436 888 539 946 amplam
549 889 698 935 donationem
708 888 829 935 librarum4
839 894 934 935 centum

75 954 153 994 terrae
162 965 215 1004 cum
225 948 314 1005 aliquot
323 951 423 995 nummis
433 947 508 994 Horto
519 948 583 995 dedit
593 949 691 1003 Mariae,
703 948 818 1006 reliquum
829 952 934 1005 cognatis

75 1009 217 1067 relinquens.
234 1008 372 1056 Habuerunt
387 1015 410 1055 et
426 1010 449 1055 hi
464 1010 566 1066 praelati
582 1026 687 1055 sororem
702 1010 815 1067 Reynum¹
832 1011 935 1056 nobilem

75 1075 222 1123 matronam:
247 1070 306 1116 haec
322 1087 382 1117 uxor
398 1070 484 1128 Syardi
500 1071 640 1124 Rombcrda¹
658 1073 729 1117 castri
746 1074 769 1116 in
786 1072 934 1117 Merrumhu·

76 1134 145 1184 sum⁵;
156 1132 194 1177 hic
205 1132 264 1177 duas
275 1131 337 1177 lilias
348 1134 486 1188 superstites
497 1131 592 1185 habens.
605 1132 704 1178 alteram
714 1131 807 1178 Dodoni
817 1132 933 1187 Mar-hela,

76 1194 156 1249 nepoti
171 1208 201 1237 ex
216 1192 266 1237 tilio
281 1191 379 1237 Dodone
394 1191 476 1237 Renici
491 1191 605 1246 Markele,
621 1194 645 1237 in
660 1194 784 1248 conjugem
800 1192 880 1246 dedit;
905 1210 935 1238 ex

76 1252 159 1299 horum
173 1252 241 1298 thoro
256 1253 302 1298 duo
317 1258 446 1310 prognatae
461 1252 531 1307 filiae.
547 1270 595 1298 una
609 1253 657 1298 Aet
672 1253 745 1310 probo
760 1259 783 1299 et
798 1253 870 1299 nobili
885 1256 935 1299 viro

76 1313 193 1371 Kemponi
203 1316 226 1359 in
237 1314 343 1360 Marrum
354 1317 439 1371 nupsit.
451 1313 474 1371 l)
484 1314 583 1360 alteram
593 1314 670 1360 Reinu
680 1314 778 1360 tradidit
788 1317 871 1371 nuptui
882 1315 935 1360 Liu-

77 1373 132 1419 doni
143 1373 213 1427 Eede,
226 1373 276 1419 lilio
287 1373 357 1419 Valte
369 1374 399 1419 de
410 1373 539 1419 Underda⁶.
551 1373 587 1419 Ex
599 1375 626 1431 g)
637 1373 691 1419 Ava
703 1374 764 1420 duae
776 1374 846 1427 tiliae,
860 1374 936 1420 Reinu

77 1438 100 1478 et
116 1432 228 1486 Beernke‚
245 1433 368 1479 Bethleem
383 1433 550 1489 ingrediuntur.
567 1433 603 1478 Ex
619 1432 695 1479 Reinu
711 1433 771 1479 duae
787 1433 852 1479 filiae
868 1434 896 1492 h)
912 1437 935 1479 in

77 1492 205 1547 Bethleem,
219 1492 277 1539 Eelk
291 1498 314 1539 et
326 1493 405 1542 Tieed,
419 1493 501 1547 Reinu¹
516 1510 575 1539 uxor
589 1494 609 1549 i)
623 1492 701 1539 Siardi
714 1494 829 1550 praelata,
843 1497 937 1539 tertiam

78 1553 152 1600 filiam
169 1553 211 1600 Siu
228 1554 292 1600 dedit
309 1554 422 1600 Mennoni
439 1553 526 1600 Tiarda
543 1571 573 1599 ex
590 1554 656 1612 Blya.
675 1572 705 1600 ex
722 1571 768 1611 quo
787 1555 847 1601 duae
865 1556 935 1609 tiliae,

78 1614 154 1662 Reinu
171 1620 194 1661 et
212 1615 296 1669 Lioets
315 1632 407 1662 sorores
425 1619 449 1661 in
466 1615 594 1662 Bethleem.
630 1615 701 1661 Pater
718 1616 807 1662 Menno
826 1616 937 1663 defuncta

78 1692 152 1721 uxore
165 1677 189 1720 in
202 1675 324 1721 Bethleem
337 1679 482 1721 monasticen
495 1676 623 1733 protessus,
637 1679 702 1732 prior
716 1679 870 1723 constituitur.
885 1676 937 1722 Nlo·

79 1739 222 1783 ritur1215⁷,

80 1796 95 1841 J
97 1796 175 1853 elgero
187 1796 277 1850 abbate.
289 1798 313 1855 j)
325 1797 354 1843 de
367 1797 527 1854 jurisdictione
540 1799 675 1842 monasterii
687 1796 861 1851 Seilvoldensis.
875 1798 938 1855 quod
991 1794 993 1796 ’

116 2021 123 2063 )
150 2021 251 2063 Gerrada;

117 2070 125 2112 )
150 2068 211 2112 Μαίη

115 2119 123 2161 )
148 2118 250 2156 Bethleem
256 2129 264 2161 ,·

118 2169 125 2210 )
150 2169 275 2210 Brantgom;

117 2218 124 2259 t
149 2217 226 2260 Aylum·
239 2217 348 2259 Regma,-

114 2267 122 2309 )
153 2266 216 2302 altera
229 2266 292 2302 Edoni
306 2265 396 2301 Valtonis
409 2265 433 2301 de
446 2265 538 2302 Underda
550 2264 617 2307 nupsit
624 2275 631 2306 ;

120 2315 127 2357 )
152 2314 205 2357 Aen·
557 2314 559 2317 '

120 2364 127 2406 )
152 2364 174 2400 ln
188 2364 204 2400 Α
219 2363 358 2407 opengelaten,
372 2372 404 2398 WS.
420 2365 439 2399 ie
452 2362 516 2398 lezen:
530 2362 590 2398 tiliae.
604 2362 626 2398 ln
641 2362 664 2397 B:
679 2362 747 2405 Reynu
762 2363 810 2399 duas
824 2362 877 2399 iilias
891 2361 940 2398 Eelk

82 2414 102 2449 et
114 2412 161 2449 Tied
173 2411 193 2447 in
206 2411 307 2448 Bethleem
320 2411 392 2448 direxit
399 2422 407 2453 ;

106 2462 121 2503 i)
152 2461 174 2497 ln
185 2460 201 2496 Α
213 2460 352 2503 opengelaien,
363 2469 395 2495 ws.
407 2459 501 2495 te‘iezen:
512 2468 571 2501 uxor,-

106 2509 124 2550 j)
149 2518 193 2544 cum
208 2508 310 2551 preposito
326 2507 454 2544 Scilvoidensi
470 2508 495 2543 de
509 2506 644 2543 iurisdictione
660 2507 792 2543 ecclesiastica
806 2507 881 2548 incidit,
897 2517 940 2550 pre-

82 2557 149 2600 posito
163 2556 240 2592 dicente
252 2555 393 2592 monasterium
406 2554 540 2591 Sciivoldense
554 2563 578 2590 ex
592 2557 681 2596 corpore
690 2554 763 2590 i'loridi
777 2555 834 2591 Horti
848 2557 941 2597 creatum,

83 2607 154 2642 merito
167 2606 235 2642 subiici
249 2605 315 2641 abbati
327 2605 348 2640 in
362 2604 485 2640 Vitierirom.

103 2032 115 2057 a

104 2070 116 2107 b

104 2129 114 2154 c

104 2169 117 2204 d

104 2227 115 2253 e

104 2267 114 2302 i

105 2325 119 2358 g

106 2365 118 2400 h

108 2705 115 2740 1
142 2703 305 2747 Hantumhuizen
320 2702 363 2739 Ζ.Ο.
378 2712 415 2738 van
430 2701 528 2739 Holwerd.

106 2753 118 2789 2
142 2751 262 2795 Brandgum,
276 2751 319 2787 Ζ.Ο.
333 2761 370 2787 van
384 2749 483 2788 Holwerd.

108 2801 119 2836 3
144 2800 197 2844 Sion,
210 2799 381 2837 nonnenklooster
394 2799 419 2842 bij
434 2797 523 2842 Nijewicr
537 2796 760 2842 (Oost-Dongemdeei).

107 2851 119 2886 4
145 2847 453 2892 lpondemaat=o36751in
641 2893 643 2896 ᾖ

109 2899 120 2934 5
145 2897 184 2935 Ws.
197 2898 257 2933 buurt
268 2907 306 2932 van
318 2897 411 2941 Martum,
424 2899 458 2933 ten
470 2895 492 2931 N.
506 2906 543 2931 van
557 2895 693 2932 Leeuwarden.
719 2940 720 2943 Ἴ

109 2947 121 2982 6
145 2944 317 2982 Ondersma-staie
330 2947 350 2980 te
362 2943 446 2986 Helium,
459 2944 489 2979 zie
502 2943 524 2979 D.
539 2943 676 2986 cannen-ieter,
690 2942 861 2980 Ondersma-state
874 2945 896 2981 of
911 2944 944 2980 het

145 2993 194 3030 Huis
205 3003 242 3028 van
254 2992 336 3028 Berouw
348 2994 368 3027 te
380 2991 464 3035 Hallum,
476 2990 506 3026 Fr.
518 2990 626 3028 Volksalm.
640 2991 685 3026 1887
697 3001 715 3034 p.
729 2992 767 3027 120.

109 3042 120 3078 7
144 3041 178 3078 Dit
192 3041 264 3084 jaartal
278 3042 296 3077 is'
308 3042 350 3077 niet
363 3040 417 3086 juist,
432 3040 535 3078 misschien
551 3039 614 3076 1255?
