2121 3546
566 243 598 297 ‘tr

155 368 324 420 Steinveldiam
334 373 362 420 D.
375 372 516 421 Sibrandum
527 373 641 420 ecclesiae
652 372 823 420 Berlkomanae
835 377 961 431 pastorem.
973 374 1015 429 qui

155 437 285 493 impetratis
296 453 311 482 a
321 440 389 493 patre
398 435 484 482 abbate
494 434 584 482 Jacobo
594 434 714 482 Panbusio
724 434 797 481 literis
808 437 854 492 ipsi
865 436 968 481 omniurn
978 437 1014 481 sui

155 497 244 543 ordinis
258 501 281 543 et
294 499 430 544 monasterii
443 497 608 544 coenobiorum
621 506 781 554 pagorumque
795 496 890 554 plenam
904 496 1015 542 visitandi

156 563 297 616 potestatem
308 559 379 605 dedit.
391 558 505 616 Sequenti
515 558 605 617 hyeme,
618 558 760 605 Brabantiae
771 557 893 605 abbatibus
904 557 949 604 hoc
960 574 1014 615 pro-

155 620 308 675 moventibus,
320 619 428 667 Albanus
439 622 512 667 misso
521 623 606 667 nuncio
618 637 698 667 omnes
710 620 800 667 Frisiae
811 620 931 678 praelatos
943 620 1015 666 Prae·

156 684 339 728 monstratensis
376 681 465 729 ordinis
503 682 603 729 Lovanii
640 682 671 729 ad
709 681 772 729 diem
809 681 934 729 Februarii
972 681 1013 728 de·

157 742 243 786 cimum
275 746 373 798 praesto
406 757 460 787 esse
493 741 566 798 jubet,
600 740 710 788 Abbates
744 742 835 788 itineris
870 740 1013 787 diiiicultate

156 801 221 854 moti,
259 800 395 857 praelatum
433 799 575 847 submittunt
613 799 755 847 Sibrandum
793 802 828 846 rei
867 809 1013 857 cognoscen-

157 857 203 904 dae
238 875 318 905 causa.
354 858 445 911 Quibus
480 859 567 906 auditis
603 876 666 906 novo
701 858 777 905 Frisia
813 858 936 917 subiicitur
972 858 1014 906 ab·

156 916 240 963 batum
284 919 401 975 imperio;
447 934 523 965 novus
569 920 722 965 constituitur
767 917 843 965 abbas
889 920 1014 976 primarius

155 975 319 1023 Floreiliensis
333 979 348 1031 ³.
363 979 407 1031 cuis
422 977 507 1024 relicto
522 976 669 1024 Steinveldio
685 995 715 1023 ex
729 977 854 1034 pontificio
869 976 974 1032 decreto,
990 980 1014 1023 in

157 1041 277 1093 posterum
292 1036 420 1083 Frisiorum
434 1035 685 1095 Groninganorumque
700 1037 794 1083 ditionis
811 1036 907 1083 abbates
923 1036 1016 1083 auscul-

157 1097 246 1144 tabunt.

157 1163 228 1209 Anno
245 1165 274 1208 72
290 1160 410 1208 recruduit
426 1160 514 1207 bellum
531 1159 688 1207 Gosianorum
704 1162 728 1206 in
745 1159 828 1206 Frisia.
861 1160 968 1206 Albanus
986 1178 1017 1207 ex

157 1227 240 1282 quavis
249 1228 381 1270 mercatura
391 1224 462 1268 etiam
471 1222 517 1268 levi
527 1222 642 1268 decimum
651 1238 771 1268 nummum
779 1221 909 1279 postulans¹
920 1231 1016 1279 magnas

158 1287 181 1329 in
192 1288 242 1329 toto
253 1282 335 1340 Belgio
345 1284 433 1328 excitat
443 1282 583 1338 tragoedias.
596 1298 644 1339 qua
654 1283 776 1327 exactione
788 1280 898 1336 Gosianis
910 1283 944 1327 rei
955 1280 1017 1328 male

158 1343 276 1400 gerendae
293 1352 402 1399 magnam
419 1341 513 1388 dedisse
530 1343 678 1387 occasionem
694 1345 843 1387 memoratur.
863 1340 894 1387 Hi
912 1340 1016 1387 collectis

157 1400 231 1462 copiis
254 1403 397 1458 zelandiam,
421 1402 578 1457 Hollandiam,
602 1412 710 1459 magnam
733 1401 845 1449 Geldriae
868 1408 960 1459 partem
982 1405 1017 1448 in-

158 1466 278 1520 vadentes¹
288 1468 394 1522 ingentes
404 1464 481 1510 eundo
490 1466 551 1510 vires
561 1469 661 1511 sumunt.
672 1464 721 1510 Nec
731 1463 807 1510 Frisia
816 1466 896 1521 quieta
905 1466 1016 1519 existens,

158 1543 189 1572 ex
216 1527 349 1582 propinquo
378 1523 545 1581 Campensium
564 1523 658 1581 oppido.
681 1522 734 1569 illos
748 1526 825 1569 missis
840 1523 913 1570 literis
927 1528 1016 1570 evocat.

160 1585 246 1633 Comes
259 1584 483 1641 Schouvenburgius
497 1584 603 1631 Jodocus
611 1586 626 1638 ².
640 1584 727 1631 auditis
740 1584 833 1631 illorum
845 1584 972 1642 postulatis
986 1603 1016 1631 ex

158 1645 339 1699 centurionibus,
350 1646 478 1701 praemittit
493 1650 549 1690 oum‘
560 1646 631 1700 signis
646 1643 746 1690 militum
759 1649 860 1701 quatuor
875 1644 1018 1690 Bronchors-

158 1708 216 1751 tium
228 1707 235 1728 ³
247 1704 378 1752 Gheldrum
389 1722 484 1751 suarum
495 1722 573 1752 rerum
584 1705 720 1762 prodigum*
727 1704 771 1751 Hic
783 1705 812 1751 ab
825 1708 930 1763 ingressa
942 1705 1018 1752 Frisia

160 1766 263 1813 Snelram
272 1768 286 1822 ⁴,
297 1766 461 1813 Bolsvardiam
470 1769 478 1790 ⁵
488 1772 511 1813 et
521 1766 680 1813 Franckeram
690 1769 698 1791 ⁶
708 1772 815 1824 occupat.
826 1767 845 1813 F
846 1770 911 1821 urtis,
922 1770 1018 1826 rapinis,

159 1829 273 1874 incendiis
287 1831 365 1874 omnia
379 1833 526 1886 conspurcat.
541 1828 659 1883 Ecclesiis,
675 1828 768 1886 templis
784 1834 807 1875 et
821 1832 969 1876 monasteriis
984 1833 1018 1875 in·

160 1891 227 1944 lensi,
240 1893 343 1936 omnium
354 1890 437 1936 horum
449 1890 510 1936 bona
522 1906 613 1937 summa
625 1889 733 1936 libertate
745 1889 856 1946 militibus
869 1894 893 1937 in
905 1892 1018 1949 praedam

160 1950 232 1996 dedit,
241 1949 305 1995 Ante
314 1954 453 2006 occupatam
463 1966 477 1995 a
486 1949 596 1995 Gosianis
606 1949 765 1996 Franelreram
775 1952 948 2007 praestantiora
958 1951 1019 1997 bona

160 2008 231 2055 abbas
241 2026 275 2062 eo.
285 2009 373 2055 fiducia
381 2011 467 2055 civium
474 2014 556 2063 tectus,
566 2014 715 2055 convexerat,
724 2009 878 2056 Postmodum
885 2010 1019 2057 considera·

159 2076 184 2116 ta
193 2070 287 2117 illorum
297 2073 454 2116 inconstantia
464 2070 555 2117 hostem
565 2071 767 2117 intromittendum
777 2076 889 2127 metuens,
898 2073 969 2119 biduo
978 2089 1019 2119 an·

160 2138 184 2178 te
192 2135 323 2190 ingressum
332 2132 489 2179 Gosianorum
499 2149 589 2179 summa
598 2132 719 2179 celeritate
729 2138 752 2179 et
762 2135 849 2180 astutia
860 2150 903 2180 sua
912 2149 1020 2190 quaeque

161 2195 266 2241 recondit
277 2200 300 2240 et
310 2194 465 2240 Leovardiam
474 2194 593 2241 transfert.
605 2194 703 2241 Gosiani
713 2195 743 2241 ab
754 2200 870 2252 occupata
880 2195 939 2242 urbe
949 2194 1020 2240 aedes

159 2255 221 2302 illius
230 2258 335 2313 ingressi.
345 2256 451 2313 expilant
460 2256 582 2314 reliquum,
592 2256 696 2303 Dokonis
703 2256 822 2303 lilartena⁷
830 2257 901 2303 aedes
908 2264 1020 2303 concessa

162 2318 246 2372 gratiar
259 2315 350 2373 reliqua
362 2321 530 2362 conservantur
538 2317 572 2373 a).
585 2315 683 2362 Gosiani
695 2316 752 2363 urbe
764 2318 788 2372 in
801 2321 943 2373 potestatem
954 2333 1021 2362 suam

163 2375 260 2421 redacta
270 2378 364 2431 egressi.
375 2378 543 2421 monasterium
552 2375 701 2422 Lidlomense
711 2380 806 2433 praeter
816 2376 912 2423 modum
923 2376 1021 2433 deprae-

162 2436 255 2482 dantur,
270 2436 417 2483 Subvertunt
431 2453 492 2491 aras.
507 2437 598 2492 sedilia,
613 2446 726 2494 organon.
741 2454 877 2495 campanas.
892 2438 1019 2491 fenestras¹

186 2575 206 2616 a)
231 2575 260 2611 De
271 2574 391 2610 construcn'e
402 2583 440 2608 ran
452 2574 513 2608 deren
525 2573 556 2608 zin
567 2572 584 2608 is
595 2572 636 2608 niet
648 2572 747 2614 duideliilr.

188 2623 195 2658 1
221 2621 315 2666 Florette,
328 2621 378 2664 abdit
391 2622 410 2656 in
423 2620 496 2664 Belgis.
509 2620 542 2656 Zie
554 2629 601 2657 over
614 2619 642 2656 dit
653 2619 738 2663 kapittel
750 2619 774 2656 de
787 2620 819 2656 inl.
833 2630 850 2663 p.
864 2620 889 2656 XI
902 2630 920 2657 n,
933 2620 953 2656 3.'

185 2671 196 2707 2
221 2669 280 2707 locst
292 2679 329 2706 van
342 2668 508 2713 Schouwenbnrg,
521 2667 642 2705 stadbouder
655 2677 692 2704 van
705 2666 806 2703 Friesland
819 2666 894 2717 (1572).-

185 2720 196 2756 3
220 2719 269 2756 Dirk
281 2729 318 2756 van
331 2718 472 2762 Bronckhorst,
485 2717 606 2755 stadbouder
618 2727 655 2753 van
669 2716 770 2753 Friesland
784 2716 853 2761 (1572).

185 2772 196 2805 4
221 2770 341 2813 lngenomen
357 2768 378 2805 17
392 2768 493 2811 Augustus
508 2767 559 2812 1572,
573 2768 602 2803 zie
617 2767 638 2803 Α.
653 2766 670 2803 l.
685 2766 781 2812 Andreae,
796 2766 825 2804 De
838 2766 929 2804 Friesche
943 2767 1019 2805 Waten

221 2829 301 2864 geuzen,
313 2818 366 2861 Vrije
377 2817 437 2863 rues,
450 2818 501 2862 1886,
513 2828 531 2861 p.
544 2818 584 2854 520.

184 2869 196 2906 5
221 2870 341 2913 lngcnomcn
352 2869 373 2905 21
386 2868 492 2911 Augustus.

185 2921 197 2956 6
221 2919 341 2963 lngenomen
353 2919 376 2955 28
387 2918 493 2969 Augustus.

184 2968 196 3005 7
220 2968 289 3006 Doeke
298 2968 395 3013 Martena,
405 2969 444 3011 vgl.
455 2967 472 3004 J.
484 2967 589 3010 Nanninga
599 2965 710 3011 Uitterdijk,
721 2966 800 3004 Bericht
810 2970 897 3005 omtrent
908 2968 932 3004 de
943 2967 1020 3005 Water-

220 3029 296 3063 geuzen
310 3018 382 3056 ,onder
407 3017 500 3054 admiraal
524 3016 594 3054 Doeke
617 3016 714 3062 Martem,
738 3017 788 3061 Aug.
815 3017 865 3063 1573,
885 3017 942 3062 Biidr.
962 3017 1020 3056 Prot.

220 3067 282 3106 Gron.
294 3068 324 3114 lX,
335 3067 364 3106 57.
