2121 3546
527 224 541 269 4

105 344 130 393 id
142 344 206 404 quod
219 350 314 404 pectore
328 346 416 392 dudum
430 351 555 403 presserat,
570 363 595 391 re
609 346 704 392 tandem
718 350 850 403 praestaret
863 341 964 391 necdum

104 408 134 454 ob
147 411 213 454 varia
225 408 345 454 hominum
357 407 547 454 tumultuantium
561 407 630 461 bella,
645 407 729 453 caedes
744 412 767 453 et
781 406 910 460 latrocinia.
925 423 962 452 ec-

106 470 230 516 clesiarum
250 486 308 526 prae
328 471 398 514 nimio
419 468 499 515 furore
519 467 716 515 inflammationes
737 468 834 521 videret,
856 468 961 513 homines

106 531 202 577 tandem
214 533 279 587 gravi
293 532 382 575 aeterni
396 530 477 587 judicii
490 546 567 586 poena
582 529 723 576 denunciata
736 531 798 586 cepit
812 546 913 583 monere.
929 531 963 573 in·

106 597 175 646 stare,
188 597 328 649 praeterque
340 591 434 637 modum
445 590 534 636 hortari
546 591 578 637 ad
589 593 781 648 resipiscentiam,
794 595 902 647 paratam
914 607 964 635 om-

105 652 172 698 nibus
182 652 287 705 salutem,
298 651 423 697 dummodo
432 650 570 708 posthabitis
579 654 656 697 carnis
667 650 759 705 delitiis,
769 651 859 704 fraude.
869 651 963 704 invidia.

106 712 162 758 belli
175 713 256 758 fomite
271 718 370 770 actaque
385 713 414 758 de
428 712 544 769 prioribus
558 714 704 769 poenitentia
718 714 795 769 ipsum
811 711 898 758 Christi
912 729 963 757 ves·
986 754 987 757 ,

104 776 161 830 tigia
173 774 320 819 incedentem
333 776 486 819 imitarentur

27 889 28 893 Ἰ
106 834 157 880 Hac
171 835 295 881 verborum
309 838 338 888 vi,
354 851 422 881 sacro
436 839 578 891 cooperante
592 839 724 892 pneumate.
740 834 859 880 hominum
874 837 963 880 animos

107 898 140 940 sic
156 898 286 949 commovit
303 901 329 942 ut
345 895 424 952 plures
441 901 464 941 et
482 905 567 952 genere
583 896 672 950 nobiles
690 896 738 941 fact
729 902 852 953 torumque
869 896 964 941 fortium

106 959 214 1012 insignes¹
226 931 360 1013 postlrabito
371 957 482 1011 mundo'
476 974 499 1002 m
511 956 610 1002 ecclesia
622 947 768 1002 Hallomensi
779 962 872 1014 sumpto
884 956 965 1003 habitu

105 1018 205 1063 candido
214 1018 378 1064 monachatum
386 1018 509 1075 professis
503 1021 576 1075 1psius
586 1018 741 1064 subderentur
751 1018 886 1075 ordinisque
896 1018 964 1064 disci·

104 1079 181 1136 plinis.
194 1078 283 1125 Horum
293 1082 434 1137 praecipuus
445 1078 553 1126 Goslicus
565 1097 595 1125 ex
607 1078 766 1135 Goslinganis
777 1079 893 1125 nobilibus
905 1081 963 1125 exti-

105 1143 139 1186 tit.
150 1140 194 1186 Hic
203 1141 286 1186 relicta
296 1158 326 1187 ex
336 1157 453 1187 consensu
462 1157 536 1187 uxore
546 1145 570 1186 et
580 1139 659 1186 liberis
670 1143 780 1198 omnique
790 1141 926 1195 substantia,
939 1157 965 1187 se

105 1206 179 1248 totum
191 1201 291 1255 Christo,
304 1219 360 1249 vero
372 1201 423 1248 zelo
434 1205 550 1256 incitatus.
564 1201 653 1248 obtulit.
667 1201 735 1248 Hunc
747 1202 880 1248 Vibrandus
893 1204 964 1248 animi

105 1263 199 1317 ferocia,
213 1264 318 1317 audacia,
332 1264 453 1321 gloriaque
465 1263 521 1309 belli
533 1263 611 1309 clarus
625 1263 728 1309 familiae
742 1263 924 1320 Camminganae
937 1264 964 1322 a}

105 1341 135 1369 ex
145 1324 214 1381 Blya²
224 1324 362 1378 aemulatus,
373 1325 476 1381 idipsum
485 1329 596 1382 praestat.
608 1324 747 1371 Fredericus
758 1324 841 1371 horum
852 1325 965 1371 confluxu

106 1386 295 1443 quotidianisque
304 1389 453 1432 incrementis
462 1386 573 1432 fervidior
583 1387 666 1441 factus,
676 1403 794 1432 secessum
803 1392 878 1443 parat¹
888 1386 965 1433 locum

106 1447 248 1492 aedificandi
259 1450 426 1494 monasterium
437 1447 547 1493 decernit.
560 1447 630 1500 Quod
642 1448 697 1494 dum
708 1464 750 1505 per
763 1465 788 1493 se
799 1453 882 1505 utpote
894 1448 964 1494 desti·

105 1516 169 1557 tutus
186 1510 269 1567 opibus
285 1510 382 1555 efficere
398 1512 484 1566 nequit,
502 1508 660 1555 nobilissimae
677 1513 798 1555 matronae
815 1509 865 1570 Sju,
883 1512 964 1555 matris

107 1572 134 1630 b)
142 1572 243 1628 Regneri
261 1576 414 1627 cognomento
432 1571 518 1627 Magni,
538 1570 621 1616 nobilis
640 1571 670 1617 de
687 1570 820 1625 Markala,³
846 1570 965 1627 praesidio

107 1640 130 1679 et
140 1634 301 1679 munificentia
311 1632 407 1689 adjutus
422 1631 476 1688 [est]
481 1648 494 1677 c
494 1632 513 1689 ),
525 1630 569 1677 Cui
579 1637 603 1678 et
613 1632 712 1678 honesta
722 1637 829 1678 matrona
840 1631 964 1678 Gertrudis

105 1711 135 1740 ex
143 1693 258 1747 Dresonr,
267 1698 367 1749 cognata
375 1692 490 1748 Aesgonis
500 1696 522 1737 et
531 1691 659 1748 Kemponis
668 1691 829 1748 Cammingani
838 1709 852 1737 a
860 1691 921 1750 Blya
929 1693 964 1751 d),

107 1757 212 1808 accessit,
227 1754 327 1799 eandem
339 1758 462 1810 praestans
476 1755 499 1798 in
514 1752 662 1799 conferendis
676 1752 759 1809 opibus
774 1756 879 1810 gratiam.
894 1770 965 1810 quam

107 1815 151 1872 Sju
165 1815 279 1872 praefata.
295 1814 337 1860 His
352 1814 416 1860 velut
430 1816 535 1870 patronis
550 1817 657 1870 stipatus,
673 1815 708 1860 vir
723 1814 773 1860 Deo
789 1814 888 1861 dilectus
903 1831 965 1861 anno

109 1879 166 1921 1163
175 1893 260 1921 novam
269 1878 336 1932 erigit
346 1875 477 1921 aediculam
487 1892 584 1928 sacram,
595 1875 623 1921 D,
634 1875 724 1932 Virgini
734 1874 867 1933 Sancteque
878 1875 965 1922 Joanni

107 1936 271 1993 Evangelistae
293 1937 319 1994 e)
327 1941 493 1989 consecratam,
508 1938 655 1993 primumque
669 1938 692 1981 in
706 1953 735 1982 ea
749 1939 801 1993 ipso
815 1937 965 1983 exaltationis

107 2003 203 2044 sanctae
215 2000 290 2043 crucis
304 1997 342 2043 die
355 2000 363 2020 ⁵
376 2014 468 2043 sacrum
480 1996 590 2043 celebrat.

108 2058 171 2104 Inter
182 2058 291 2116 reliquos,
304 2060 392 2115 pietate
403 2063 557 2114 praestantes,
570 2058 658 2104 ordinis
671 2058 829 2116 amplectendi
841 2058 965 2106 dulcedine

106 2123 193 2176 captos,
208 2124 255 2164 tres
269 2117 337 2164 simul
350 2118 436 2164 fratres
450 2121 553 2175 germani
566 2118 595 2164 ab
608 2120 660 2176 ipso
673 2121 762 2176 recepti
775 2120 965 2176 praetermodum

107 2180 219 2237 religione
237 2180 340 2237 fideique
358 2181 442 2226 ardore
459 2180 593 2237 proficiunt.
613 2179 702 2227 Horum
720 2183 808 2237 primus
826 2180 892 2227 Tako
910 2199 964 2228 con-

131 2509 151 2550 a)
176 2507 197 2544 ln
212 2509 302 2552 margine
316 2509 342 2552 bij
358 2510 472 2546 Gabbema:
493 2509 668 2553 Kempingnanae;

131 2558 152 2649 di
176 2558 326 2650 ididilgjemmen
340 2607 402 2644 uitB.

131 2656 152 2698 d)
177 2656 235 2692 adit:
254 2656 305 2692 unde
319 2655 454 2699 Cammmgam'
466 2656 611 2700 impingam

131 2706 150 2747 e)
176 2706 343 2748 consecrandam

132 2805 139 2839 1
167 2804 187 2840 111
200 2803 224 2840 de
236 2802 284 2840 Gest
276 2807 296 2840 ta
308 2814 325 2848 p.
338 2804 361 2841 30
372 2804 468 2847 heethij:
487 2804 624 2842 Godescalens

130 2854 141 2890 2
166 2853 252 2897 Blijabij
264 2852 362 2890 Dokkum.

130 2903 141 2938 3
166 2901 346 2939 Merula-..tentio
358 2912 394 2938 van
407 2902 491 2948 Hallum
502 2904 543 2939 niet
554 2913 588 2939 ver
599 2914 636 2940 van
649 2903 799 2950 Jousumburen,
811 2905 874 2942 zieD.
888 2906 963 2943 Canne

167 2951 235 2995 gieten
248 2950 330 2996 Merula,
342 2950 375 2987 Vr.
388 2933 512 2997 Fries‚11886,
523 2952 564 2988 309

130 3000 141 3034 4
166 2999 293 3042 Driesumbij
305 2998 402 3036 Dokkum,

130 3048 142 3083 5
168 3049 189 3084 14
202 3010 322 3090 September.
