2121 3546
562 240 592 285 ⁶6

147 361 230 408 literae
239 361 327 408 allatae
336 371 445 418 magnam
454 364 588 408 excitarunt
596 362 749 423 tragoediam,
760 362 859 408 Animos
869 362 960 408 addunt
970 363 1005 416 iis.
1052 362 1053 365 ’

147 440 246 481 quorum
264 423 402 469 electionem
420 423 491 470 nullis
509 441 613 481 unquam
630 427 707 482 potuit
725 426 820 481 assequi
838 424 928 470 mediis,
963 422 1007 469 Ille

143 487 233 530 animos
242 484 368 531 multorum
377 502 407 531 ex
416 488 513 541 accepta
522 485 643 532 literarum
652 484 760 531 libertate
768 484 851 531 videns
860 484 1006 532 abalienatos

145 563 189 593 nec
206 564 263 592 suae
280 563 350 603 posse
367 547 452 603 subjici
469 547 618 593 obedientiae
635 547 761 611 plerosque
779 564 901 594 carcerum
915 547 1006 604 vpedore
1056 573 1058 576 ·

147 606 235 660 adficit,
255 606 357 663 reliquos
376 608 467 660 emittit,
486 606 529 653 hos
548 609 746 664 poenitentiarum
765 606 878 653 molestiis
897 605 1006 652 afflictat.

147 666 198 714 Hac
224 672 339 725 perpetua
364 668 490 726 tyrannide
515 685 578 723 usus.
598 670 766 715 monasterium
785 668 876 723 debitis¹
896 685 1007 726 pecorum

126 734 128 738 ’
146 729 275 784 abactiona
292 729 386 776 aedium
402 732 498 776 interitu
514 747 662 788 summopere
678 731 765 777 faedat¹
782 730 936 777 Leoverdiam
952 747 1006 788 pro-

147 789 229 843 fectus,
239 791 263 834 in
273 791 357 835 itinere
366 792 437 835 sentit
447 790 614 837 adventantem
624 790 736 841 morbum.
747 790 904 852 Leoverdiam¹
908 792 1006 844 veniens

147 850 228 897 morbo
244 852 427 908 ingravescente.
445 853 526 897 mortis
542 854 631 909 injecta
646 854 734 898 mentio
750 851 785 897 illi
801 852 937 910 displicuit;
962 853 1007 909 piis

146 912 292 958 confortatus
302 913 466 959 monitionibus
477 914 505 971 u)
515 913 568 970 plus
579 913 686 960 turbatur
696 916 775 960 animo
784 916 811 960 in
819 914 908 960 rabiem
917 930 1006 960 versus,
1035 944 1037 947 f

146 971 214 1017 Diem
227 971 315 1018 clandit
328 977 459 1018 extremum
472 989 534 1019 anno
547 974 712 1030 praefecturae
724 978 816 1031 quarto,
830 973 924 1019 Domini
939 976 1006 1027 1471;

146 1031 248 1077 cadaver
258 1030 349 1078 Lidlom
361 1031 466 1078 delatum
476 1032 596 1090 sepelitur,

417 1157 498 1207 Aesgo
511 1156 537 1200 11
552 1157 627 1200 abbas
641 1155 735 1200 XXVI.
799 1163 801 1165 '
875 1124 878 1128 ‹

148 1276 246 1334 Sepulto
258 1277 286 1322 D.
299 1276 412 1323 Ruuardo
424 1275 509 1322 abbate
521 1278 628 1322 canonici
639 1274 707 1322 huius
721 1277 786 1321 exitu
799 1274 861 1329 laeti.
875 1292 961 1322 novam
973 1277 1007 1321 in·

148 1341 247 1385 stituunt
262 1338 406 1393 electionem,
422 1355 469 1396 qua
485 1340 552 1395 iuxta
567 1343 661 1395 patrum
675 1338 771 1384 decreta
785 1339 830 1384 rite
845 1342 940 1384 servata
954 1342 1008 1395 post

148 1403 280 1446 invocatam
299 1399 399 1457 Spiritus
418 1399 499 1446 Sancti
517 1402 617 1456 gratiam
634 1416 724 1446 summo
743 1401 874 1446 animorum
892 1416 1009 1446 consensu

148 1462 237 1518 eligunt
266 1461 294 1508 D.
309 1462 449 1518 Aesgonem
480 1461 595 1507 ecclesiae
617 1460 640 1508 S.
655 1460 752 1518 Georgii
766 1465 790 1507 in
805 1461 832 1520 b)
847 1461 1008 1508 Oesterbirum

148 1528 268 1580 pastorem
280 1523 431 1578 saecularem,
444 1525 540 1569 natione
553 1523 763 1569 Sexbiromensem.
777 1523 815 1569 Ab
829 1525 881 1581 ipsa
894 1522 1008 1570 electione

148 1585 253 1632 habiturn
265 1585 340 1631 induit
353 1585 480 1632 candidum
493 1602 546 1643 ‚quo
560 1590 656 1632 ornatus
670 1585 873 1631 confirmationem
885 1585 971 1631 exinde
984 1590 1008 1631 et

147 1649 347 1693 consecrationem
359 1647 388 1692 ab
401 1649 512 1704 episcopo
525 1648 658 1704 assequitur
670 1646 725 1704 Trai
729 1649 824 1694 estensi,

147 1705 232 1752 Statim
269 1706 298 1752 ab
336 1709 388 1763 ipsa
425 1709 483 1752 inita
521 1707 671 1763 praefectura
708 1723 782 1752 novas
820 1705 856 1752 illi
893 1711 1007 1769 pararunt

145 1765 268 1811 molestias
300 1764 468 1819 Roordamani,
502 1768 547 1811 viri
579 1770 677 1823 praeter
710 1766 806 1818 modum
838 1765 948 1812 bellicosi
982 1771 1006 1811 et

146 1825 225 1871 invidi.
267 1825 423 1871 Praeteritam
464 1826 532 1871 fratri
573 1824 664 1871 illatam
705 1827 817 1883 injuriam
859 1824 1006 1880 ulciscentes,

146 1889 286 1942 perpetuam
325 1884 379 1931 huic
418 1884 545 1931 moliuntur
585 1886 719 1942 perniciem.
760 1885 896 1931 Amicitiam
937 1887 1007 1931 simu·

147 1944 223 1990 lantes
233 1946 401 1990 monasterium
410 1946 465 1989 navi
476 1943 597 1998 accedunt.
610 1943 714 2001 amplum
724 1943 848 1990 conferunt
859 1943 1007 1990 famulitium.

145 2002 251 2059 Benigne
273 2003 303 2049 ab
324 2003 437 2059 Aesgone
459 2005 560 2060 accepti¹
582 2019 673 2049 summa
693 2002 842 2049 humanitate
864 2008 1005 2049 tractantur.

147 2061 303 2119 Splendidum
311 2068 409 2120 paratur
418 2065 559 2116 convivium
569 2065 691 2120 suspicans
701 2062 754 2109 illos
765 2080 795 2109 ex
805 2063 867 2109 dicto
878 2061 1007 2120 apostolico

146 2122 292 2168 humanitate
316 2127 339 2168 et
364 2121 506 2168 liberalitate
530 2124 591 2168 vinci
616 2138 692 2179 posse,
719 2127 832 2178 argentea
856 2121 1007 2179 proferuntur

146 2181 238 2237 pocula,
258 2183 328 2227 immo
346 2181 458 2238 quicquid
476 2199 507 2227 ex
525 2181 606 2238 adjitis
631 2181 733 2238 proferri
751 2184 775 2227 in
800 2181 884 2228 horum
908 2183 1008 2238 gratiam

148 2243 228 2297 possit.
241 2246 413 2298 praesentatur.
425 2242 451 2299 c)
464 2240 557 2287 Interea
568 2243 614 2298 ipsi
625 2240 785 2287 Roordamani
797 2246 899 2287 structas
910 2241 1008 2287 insidias

148 2307 199 2348 arte
212 2307 293 2356 tectas,
307 2305 396 2348 sensim
408 2307 516 2359 retegunt
529 2303 545 2349 d
545 2303 564 2360 ).
578 2301 635 2349 Erat
648 2302 739 2349 abbatis
751 2302 808 2349 aula
822 2304 906 2360 insigni
919 2307 1009 2350 structa

147 2363 263 2422 hypogem
279 2363 338 2410 illud
353 2364 430 2410 ferreo
445 2364 599 2411 claudebatur
614 2367 681 2411 ostio.
697 2364 857 2422 Pedissequae
872 2364 936 2411 velut
952 2365 1008 2425 lusi-

148 2428 232 2477 tantes,
246 2440 293 2469 non
307 2424 446 2470 observatae
460 2423 504 2470 hac
518 2423 573 2469 illac
587 2426 796 2478 circumcursitant¹
811 2424 907 2471 tandem
921 2424 952 2471 ad
967 2441 1009 2482 pe-

148 2487 255 2531 nnariam
267 2485 444 2540 descendentes,
458 2485 543 2532 abbate
555 2486 646 2532 fraudis
658 2486 716 2532 nihil
729 2488 870 2544 suspicante,
883 2488 948 2544 ipsas
961 2486 1008 2533 fer·

146 2567 200 2597 reas
213 2549 294 2596 valvas
308 2552 426 2607 aperiunt;
440 2547 482 2594 illa
495 2553 578 2605 aperta
592 2565 622 2594 ex
636 2547 726 2594 insidiis
740 2554 855 2605 proruunt
869 2551 953 2594 armati
964 2565 1007 2601 ne·

148 2610 252 2657 bulones.
272 2608 331 2656 Tum
349 2610 453 2654 omnium
469 2624 548 2653 rerum
565 2624 656 2654 summa
674 2608 793 2654 turbatio:
820 2624 878 2654 vasa
896 2612 1009 2665 argentea

147 2682 232 2729 magno
245 2688 349 2725 numero,
364 2687 463 2724 crucem,
478 2675 619 2727 caeteraque
633 2668 748 2716 ecclesiae
761 2668 857 2716 monilia
872 2669 941 2717 simul
955 2687 1009 2717 cum

171 2808 191 2850 a)
215 2798 279 2850 magis
292 2807 347 2849 furit,
360 2809 463 2850 postremo
476 2807 496 2843 in
510 2806 629 2843 dementiam
643 2815 717 2849 versus,
731 2806 782 2843 diem
796 2806 870 2843 claudit
883 2808 1008 2851 extremum

171 2855 192 2898 b)
217 2854 368 2897 Aesterbirom;

171 2905 190 2947 c}
215 2905 274 2942 add:
296 2904 322 2941 Ar
338 2914 385 2941 vere
401 2904 480 2948 sapiens
495 2904 573 2946 inquit:
595 2903 664 2940 Amico
681 2902 810 2940 reconciliato
827 2914 852 2941 ne
869 2905 950 2942 nimium
967 2905 1007 2943 cito

147 2955 214 2991 credid
226 2955 243 2990 r'
264 2966 268 2974 ·

171 3005 193 3046 d}
215 2964 276 3042 bdd':
294 3013 338 3041 cum
356 3005 428 3041 abbate
446 3005 470 3041 de
488 3004 604 3046 quibusdam
622 3012 716 3047 agrorum
734 3004 822 3041 terminis
846 3014 871 3041 ex
895 3003 1008 3048 composito

147 3055 219 3092 acriter
232 3055 356 3091 contendunt
362 3065 370 3098 ,·
