2121 3546
448 216 475 259 31

32 338 64 382 ris
74 336 212 381 eminentior
221 334 351 382 redditibus
361 335 444 390 lactus.
455 338 478 381 in
487 338 627 382 canonicatu
636 335 706 383 modo
715 337 772 382 vivit
781 340 805 382 et
814 352 896 392 super-

32 401 68 443 est
79 412 140 442 anno
153 399 217 443 1575.
229 397 256 454 a)

433 458 497 505 Finis

292 518 402 565 abbatum
414 522 438 565 in
450 519 639 577 Mariengaarde.

268 828 492 874 LIDLOMENSES
508 828 663 873 ABBATES.

37 951 102 998 Vixit
128 953 151 996 in
178 951 254 997 Frisia
273 950 420 997 Occidentali
438 950 568 1007 Vestergoa
587 953 647 997 inter
666 956 791 1008 utrumque
810 960 897 1009 pagum

39 1012 187 1059 Tiedmaroin
196 1014 204 1035 ²
213 1018 236 1058 et
246 1011 427 1059 Oesterberom²
437 1012 488 1059 loco
497 1012 512 1059 b
512 1013 525 1070 )
533 1015 592 1059 mari
600 1016 708 1070 proximo
716 1015 751 1058 vir
760 1014 809 1058 vita
818 1011 896 1058 celebs

38 1081 61 1121 ei
71 1074 143 1129 dives,
153 1073 209 1121 Sibo
218 1077 318 1129 nomine,
329 1074 381 1120 loco
391 1074 482 1121 Lidlom
492 1075 561 1121 dicto.
572 1074 617 1120 Hic
627 1076 698 1121 animi
709 1075 801 1120 fervore
811 1079 895 1128 motus

39 1137 124 1192 spiritu
138 1139 236 1191 urgente
252 1150 300 1188 suo,
317 1133 456 1191 posthabitis
472 1133 545 1180 seculi
561 1134 654 1187 divitiis.
671 1151 697 1180 se
713 1150 802 1191 suaque
818 1136 896 1179 omnia

37 1196 88 1242 Deo
99 1195 195 1253 Optimo
205 1196 311 1242 Maximo
323 1195 432 1242 dedicare
444 1198 532 1242 statuit.
544 1195 580 1241 Ex
592 1195 651 1242 aede
662 1198 759 1253 propria
770 1198 794 1242 in
806 1195 897 1242 Lidlom

38 1257 162 1304 ecclesiam
171 1260 270 1314 erigens,
281 1274 353 1315 quum
363 1257 426 1303 solus
437 1259 502 1303 oneri
512 1260 588 1315 impar
598 1257 717 1303 videretur
728 1259 764 1303 sui
774 1259 895 1315 propositi,
926 1272 928 1275 ’

38 1321 114 1364 virum
125 1321 258 1375 assequitur
270 1319 372 1375 idipsum
383 1318 535 1364 meditantem
547 1317 681 1375 Tjalingum
694 1318 779 1374 Donija
792 1318 822 1364 de
835 1318 896 1363 Ben-

38 1384 130 1435 netorp
134 1379 161 1436 c)
172 1381 196 1424 in
209 1378 343 1424 Winssom³.
357 1377 387 1423 Hi
400 1378 468 1424 simul
482 1378 565 1424 eodem
578 1381 671 1423 accensi
684 1378 775 1431 ardore,
789 1382 896 1424 extructo

40 1438 176 1485 coenobiolo
196 1439 302 1484 ordinem
321 1455 350 1484 eo
368 1440 499 1495 ternpore
493 1455 517 1483 rn
537 1438 613 1484 Frisia
632 1438 784 1484 celebriorem
804 1438 897 1495 illisque

38 1502 195 1558 propinquum
211 1503 376 1546 canonicorum
391 1499 533 1605 regularium
549 1500 670 1546 affectant
703 1499 734 1545 Hi
749 1499 816 1557 pulla
831 1504 897 1546 veste

40 1560 121 1613 induti,
134 1564 226 1605 monast
227 1562 286 1605 icem
297 1557 404 1605 moderat
395 1564 433 1606 tae
445 1561 588 1606 austeritatis
601 1564 624 1605 et
635 1561 719 1617 rigoris
734 1560 894 1615 (irrelormatil

39 1638 82 1678 pro
83 1621 211 1667 titebantur
212 1620 305 1673 Sibo'
299 1639 322 1667 rn
335 1620 507 1678 Luidingalrerk
521 1638 564 1693 pro
565 1622 650 1693 lectum
661 1621 691 1667 ab
704 1620 844 1668 Gerbrando
857 1621 897 1667 ab·

38 1682 93 1728 bate
107 1684 157 1727 viro
172 1687 195 1727 et
210 1683 299 1727 canicie
314 1687 337 1728 et
352 1682 459 1727 doctrina
474 1684 600 1738 conspicuo
615 1683 676 1728 suit
666 1681 766 1728 tutelam
780 1684 897 1739 impetrat

40 1744 103 1789 Dato
113 1745 248 1800 praeposito
259 1742 287 1788 D.
298 1742 422 1789 Lamberto
433 1760 470 1789 sur
463 1742 573 1800 'collegii
584 1743 631 1789 irat
621 1747 664 1797 tre,
676 1744 705 1802 d)
716 1743 792 1789 laetus
804 1744 899 1790 domum
956 1789 958 1791 ,

40 1807 142 1851 revertit.

40 1866 133 1912 interea
151 1869 262 1923 temporis
281 1868 448 1913 monasterium
466 1865 535 1913 Horti
552 1866 580 1913 D
599 1866 701 1923 Virginis
720 1866 808 1913 ordinis
826 1867 898 1913 Prae·

40 1930 239 1975 monstratensis'
233 1945 257 1974 rn
273 1929 299 1986 e)
314 1928 390 1974 Frisia
405 1931 506 1992 primurn
521 1945 536 1974 a
551 1928 579 1974 D.
596 1927 722 1975 Frederico
737 1930 788 1975 viro
803 1931 898 1987 pietatis

40 2007 144 2036 summae
160 1995 280 2043 structum.
298 1990 327 2036 ab
343 1989 413 2036 Entet
403 1994 428 2036 to
444 2006 579 2036 successore
596 2007 686 2037 summa
702 1991 828 2048 prudentia
845 2008 898 2048 pro·

41 2056 118 2098 movet
118 2068 153 2097 ur
172 2051 216 2097 Hic
233 2051 352 2108 religionis
370 2054 476 2108 rigorem.
495 2053 614 2109 vitamque
632 2051 716 2099 duram
733 2069 761 2098 ac
779 2058 900 2100 strenuam

42 2116 109 2171 juxta
127 2114 214 2159 ordinis
233 2118 322 2160 statuta
340 2130 393 2160 cum
410 2116 459 2160 suis
477 2114 583 2160 omnibus
602 2130 754 2172 prosequens.
773 2115 899 2162 multorum

41 2177 130 2221 animos
145 2175 176 2222 ad
191 2177 264 2232 ipsius
280 2175 418 2222 imitandum
433 2174 554 2232 exemplar
569 2178 699 2230 commovit.
716 2181 742 2223 ut
758 2175 788 2222 de
803 2176 898 2231 Renico.

66 2350 86 2392 a)
111 2349 128 2386 A
137 2349 192 2386 neeri
200 2350 220 2385 in
228 2348 332 2390 margine:
348 2347 439 2384 Mortuus
449 2350 479 2385 est
488 2347 518 2384 iric
527 2349 588 2385 abbas
598 2347 699 2391 Regnerus
709 2358 761 2385 anno
773 2349 818 2386 1594
827 2349 899 2385 circum

36 2401 109 2437 fesium
119 2399 205 2436 Paschae
215 2399 235 2434 in
246 2407 322 2434 summa
331 2398 410 2434 miseria
421 2400 441 2434 et
451 2399 574 2441 paupertate.
586 2397 659 2436 Ultima
669 2398 717 2435 naec
728 2399 788 2435 verba
799 2399 824 2435 de
835 2400 900 2436 morte

37 2449 121 2492 Regneri
133 2449 153 2484 in
166 2449 229 2484 aliero
241 2447 376 2490 manuscripto
389 2447 503 2490 amplissimi
516 2448 539 2484 D.
553 2447 630 2489 Horatii
643 2446 710 2491 Kn'n'ii,
722 2448 820 2484 senatoris
833 2447 899 2484 Frisici

36 2508 77 2534 non
90 2499 202 2534 occurrunt.

37 2547 59 2583 in
69 2547 84 2583 Β
94 2548 135 2583 rnei
145 2556 181 2582 een
191 2546 265 2582 andere
275 2545 341 2582 nand:
358 2545 449 2592 Mortuus
460 2546 490 2582 esi
500 2545 531 2582 tric
542 2546 603 2582 abbas
614 2546 716 2588 Regnerns
727 2555 779 2582 anno
793 2547 838 2584 1594
849 2547 900 2582 circa

37 2598 110 2633 testum
121 2596 221 2632 Paschaiis
231 2595 252 2631 in
264 2604 339 2631 summa
350 2594 429 2631 miseria
440 2596 461 2631 et
472 2597 595 2638 paupertate.

66 2646 87 2687 bi
113 2644 192 2681 Oceano
205 2645 331 2686 Germanico,-

66 2694 85 2735 c)
110 2703 135 2730 ex
148 2694 237 2735 Vinsom;

66 2742 131 2784 dim
112 2743 191 2781 monast
191 2741 459 2783 icamvitamanspicantur;

66 2790 86 2832 e)
111 2789 172 2825 Frisia
183 2788 274 2826 orientali
287 2788 335 2825 Oest
336 2797 406 2831 ergoa;

69 2889 76 2924 1
102 2887 243 2931 mammarum,
255 2889 288 2922 ten
301 2886 322 2922 N.
335 2897 372 2923 van
385 2885 489 2922 Franeker.

67 2937 78 2972 2
103 2935 258 2978 Oosterbierum,
271 2936 304 2970 ten
317 2933 339 2970 N.
352 2944 389 2970 van
403 2933 507 2970 Francken

66 2984 78 3020 3
103 2982 316 3069 ἓῗιηῖϊᾶεῃηῖἓέἓεὲἓῐῑ(
327 2982 436 3026 Doniaterp
448 2982 546 3026 genoemd
558 2992 606 3018 naar
617 2981 641 3018 de
653 2980 770 3020 Doniastate
781 2984 801 3019 te
813 2982 902 3020 Winsum
