2121 3546
475 258 505 306 27

58 379 138 433 officii.
152 380 226 434 ipsius
238 394 285 424 non
298 394 368 435 posse
380 394 424 424 nec
436 377 498 424 velle
510 377 589 424 orbari
602 378 727 436 praesidio.
742 377 785 424 His
799 376 924 424 intellectis

58 442 139 487 literas
156 439 256 496 profert
272 440 464 486 praemonstrato
482 438 584 492 allatas;
611 439 642 486 ad
660 439 744 486 fletum
761 441 824 494 moti,
843 456 924 485 omnes

58 503 160 559 graviter
174 500 262 547 dolent.
277 500 371 547 Abbate
384 500 528 547 Lidlomensi
542 504 645 547 omnium
658 517 737 547 rerum
751 500 816 547 velut
830 502 924 546 conscio

58 561 227 620 supramodum
236 562 329 616 infensi,
341 578 394 608 sese
404 564 445 608 vix
456 580 470 608 a
481 562 561 609 furore
572 564 708 620 reprimunt.
720 561 850 609 Absolutus
863 578 924 608 anno

62 623 232 682 praefecturae,
250 622 333 669 salutis
351 626 416 677 1506;
433 623 519 669 bienno
535 629 632 681 peracto
647 624 709 670 clam
725 628 799 670 semet
815 623 924 669 subducit

58 682 150 730 Lidlom
168 683 295 740 profectus.
315 683 407 730 Exacto
425 700 479 730 cum
498 683 582 730 abbate
602 687 721 738 sexennio,
742 701 803 730 anno
825 686 883 729 1512
903 682 924 729 V

58 744 180 792 Kalendas
197 745 299 801 Augusti
317 746 324 768 ²
342 750 410 802 peste
427 750 549 802 correptus
567 748 591 790 in
609 746 709 792 Domino
720 748 831 794 vmoritur.
851 746 879 797 a)
897 744 924 791 In

59 805 158 853 ecclesia
171 805 315 852 Lidlomensi
328 807 408 864 lapide
421 811 497 853 tectus
511 809 617 865 quiescit.

287 931 379 975 Paulus
390 931 506 974 Boccholt
519 932 594 975 abbas
606 931 700 978 XXVI.

63 1056 91 1102 Ι),
106 1054 193 1101 Paulus
207 1053 343 1108 Boeckholt,
357 1056 392 1099 vir
405 1055 492 1100 virtute
505 1053 694 1110 incomparabilis
709 1052 811 1100 Takonis
825 1055 924 1110 vestigia

64 1121 183 1172 sequutus,
206 1115 312 1161 omnibus
336 1131 451 1160 summum
473 1116 568 1171 pietatis
583 1114 704 1171 exemplar
720 1119 794 1160 semet
809 1114 923 1172 praebuit.

59 1177 229 1223 Monasterium
239 1177 327 1221 sensim
335 1177 427 1221 ruinam
436 1176 582 1221 minitantem
591 1179 715 1228 restaurat,
726 1173 839 1231 templum
849 1177 924 1221 maius

59 1254 121 1284 nova
132 1239 197 1291 turri,
211 1241 308 1294 totoque
320 1254 351 1282 ex
362 1238 453 1292 integro
466 1240 535 1290 tecto,
549 1239 622 1293 petris
636 1240 659 1281 et
672 1236 736 1292 ligno
748 1240 854 1282 exornat.
869 1236 924 1281 Om-

59 1299 127 1345 nibus
141 1298 250 1355 operibus
264 1298 331 1343 bonis
344 1296 435 1355 plenus,
451 1297 550 1343 feliciter
564 1302 659 1354 praeest
673 1299 740 1343 annis
754 1301 790 1343 271
805 1296 925 1344 Summam

64 1360 266 1416 eleemosynarum
277 1362 376 1415 gratiam
387 1357 494 1404 omnibus
505 1361 629 1415 praestitit.
642 1358 777 1404 Misericors
789 1365 813 1404 et
824 1358 924 1404 benevo-

60 1421 96 1467 lus
105 1437 222 1477 pauperes
231 1436 324 1476 semper
333 1424 458 1476 sequentes
468 1418 549 1465 habuit
559 1418 573 1464 b
573 1420 592 1477 Ι
604 1418 714 1465 Instituta
723 1419 753 1465 de
762 1435 839 1465 novae
848 1423 925 1465 terrae

60 1481 168 1527 Biltanae
180 1480 291 1527 limitibus
305 1483 403 1535 actione,
416 1496 470 1526 cum
481 1479 599 1526 Vilhelmo
611 1480 793 1538 Roggendorpio
806 1483 821 1535 ²,
835 1480 926 1526 Frisiae

60 1543 185 1589 defensore
208 1541 342 1588 Caesareae
362 1541 498 1599 Maiestatis
521 1543 620 1596 nomine,
644 1551 753 1599 magnam
775 1542 926 1599 praediorum

66 1608 158 1661 partem
171 1608 317 1661 consecutus,
332 1605 406 1649 amice
421 1605 536 1649 convenit,
551 1603 622 1649 Anno
637 1606 695 1649 1533
709 1604 846 1649 infirmitate
860 1605 926 1661 gravi

53 1670 193 1723 correptus,
206 1668 230 1711 in
242 1664 342 1712 Domino
354 1667 452 1711 moritur
465 1664 544 1711 Idibus
557 1664 709 1711 Decembris³.

303 1788 391 1832 Petrus
403 1788 482 1833 Venlo
494 1789 569 1833 abbas
581 1788 688 1833 XXVII.

61 1910 98 1957 Ex
111 1912 236 1957 amissione
249 1912 349 1968 piissimi
360 1912 405 1956 viri
417 1909 446 1956 D.
460 1908 529 1957 Pauli
542 1910 681 1957 coenobitae
693 1912 773 1957 tristes
786 1911 883 1957 tandem
897 1910 927 1957 de

60 1988 121 2018 novo
132 1972 274 2018 sufficiendo
284 1971 384 2026 solliciti,
395 1972 423 2017 D.
436 1971 552 2018 Joannem
563 1971 656 2030 Keppel
666 1971 774 2018 abbatem
793 1972 925 2019 Lidlomen·

62 2050 117 2087 scm¹
133 2035 210 2079 missis
226 2050 256 2079 ex
270 2049 336 2079 more
351 2033 441 2086 duobus
456 2035 581 2087 canonicis.
598 2038 719 2091 expetunt.
735 2033 823 2080 Habita
839 2034 926 2080 delibe-

67 2097 158 2141 ratione
167 2099 265 2149 matura,
276 2099 330 2151 post
339 2096 472 2141 invocatum
482 2093 580 2141 Sacrum
590 2094 703 2152 Spiritum
713 2098 829 2142 communi
839 2096 926 2142 suffra·

62 2158 99 2213 gio
113 2155 141 2202 D.
156 2156 252 2202 Petrum
264 2155 341 2202 Venlo
355 2155 464 2202 abbatem
478 2156 571 2202 sibimet·
584 2156 679 2213 eligunt,
694 2156 815 2204 Ecclesiae
829 2160 927 2216 puppim

68 2220 193 2274 ingressus,
209 2222 235 2263 ut
250 2220 315 2275 pium
330 2222 353 2264 et
369 2217 464 2264 doctum
479 2217 557 2264 decuit
572 2217 715 2272 nauclerum
732 2223 828 2276 optume
843 2219 927 2276 guber-

62 2281 151 2326 nationi
161 2279 264 2336 praefuit
274 2284 327 2326 octo
338 2282 412 2326 annis.
423 2278 461 2326 Ab
473 2283 536 2326 omni
546 2282 658 2327 virtutum
669 2297 747 2337 opere,
759 2281 926 2336 misericordia,

62 2340 224 2398 eleemosynis,
241 2343 387 2398 caeterisque
403 2343 448 2398 piis
464 2341 573 2398 operibus
589 2358 709 2399 nunquam
724 2344 823 2400 quievit.
836 2342 926 2390 Divinis

64 2488 207 2495 ---

85 2534 106 2576 a)
131 2533 162 2570 Ad
175 2534 236 2576 pedes
251 2532 326 2569 Eteloci
341 2533 418 2569 abbatis
432 2532 521 2576 sepultus
535 2532 616 2576 lapide,-

86 2584 107 2626 b)
132 2583 190 2620 adu:
208 2582 278 2619 divinis
290 2583 348 2619 rebus
358 2582 452 2624 intentus,
464 2591 539 2619 summa
550 2582 626 2625 pietate
637 2582 728 2619 omnibus
740 2582 800 2619 sacris
811 2583 854 2619 sine
865 2584 926 2620 inter-

68 2633 162 2670 missione
177 2633 208 2669 die
222 2633 322 2674 noctuque
336 2632 433 2668 interfuit.
448 2632 478 2669 De
493 2632 568 2668 ordinis
583 2631 686 2674 disciplina
701 2632 749 2668 ninii
765 2633 867 2670 remittens
883 2643 927 2669 cum

66 2682 146 2724 reliquis
159 2682 254 2718 iratribus
267 2681 330 2717 laneis
343 2681 431 2723 iniustis,
444 2681 532 2723 culcitra,
545 2682 639 2725 stragulis
654 2690 732 2724 quoque
745 2682 814 2718 iisdem
829 2692 875 2719 usus
889 2684 925 2719 est.

69 2730 90 2767 ln
105 2732 149 2768 cibo
163 2731 183 2766 et
196 2731 246 2773 potu
259 2730 344 2772 frugalis
358 2730 378 2765 et
391 2729 475 2772 sobrius,
488 2739 562 2773 magna
576 2730 636 2766 ut'tur
651 2730 777 2773 parsimonia.
793 2731 836 2768 Uno
850 2731 929 2768 ramulo,

62 2782 168 2818 contentus
181 2779 241 2816 seculi
254 2779 380 2823 splendorem
393 2780 475 2822 respuit,
488 2779 538 2815 sicut
551 2779 624 2822 insigni
638 2779 732 2816 virtutum
746 2781 824 2817 cumulo
838 2783 927 2823 ornatus,

63 2839 155 2873 magnam
167 2830 197 2866 sui
210 2829 369 2872 expectationem
382 2828 473 2865 omnibus
485 2828 592 2872 reliquerit.

87 2940 98 3025 ὲ
122 2937 202 3025 fifirlilll'
219 2997 255 3023 van
274 2986 421 3032 Roggendorff,
439 2987 559 3025 stadhouder
578 2997 615 3024 van
634 2987 735 3025 Friestand
754 2986 878 3034 (1517-’21),
897 2990 927 3026 zie

123 3036 145 3074 N.
160 3036 237 3073 Nederl.
252 3036 318 3080 Biogr.
332 3035 403 3073 dek.
418 3036 449 3081 111,
465 3037 515 3074 1086.

86 3087 98 3123 3
123 3087 145 3123 13
157 3085 271 3123 December.
