2121 3546
479 241 531 285 ,93

87 367 225 403 consternatus
240 364 311 410 animo,
326 364 419 409 quoniam
432 365 488 403 senio
503 375 525 401 11
539 363 593 403 tedio
608 364 740 411 afficiebatur,
754 364 882 410 premeditari
897 367 950 411 cepit

80 415 179 459 dignitati
201 415 271 453 cedere
280 418 338 459 atque
348 415 449 452 abbaciale
457 425 507 453 onus
517 415 542 451 de
550 425 587 453 suo
596 416 649 453 collo
659 418 752 455 excutere
760 427 766 460 -;
782 415 835 460 quod
845 419 865 453 et
874 417 949 454 factum

87 469 123 503 est.
146 466 196 503 Nam
207 476 260 504 anno
270 465 350 504 Domini
362 464 449 510 15011111
461 466 539 503 licentia
550 466 627 503 abbatis
638 465 833 511 Premonstratensis‚
846 468 947 511 assignata
975 467 977 471 ’

87 515 141 559 prius
156 524 245 558 congrua
261 513 325 551 eidem
340 514 365 551 de
381 517 479 551 conventu
496 514 594 560 portione,
612 515 713 553 absolutus
731 518 767 560 est,
783 515 842 553 nobis
857 516 949 553 omnibus

87 565 170 603 multum
180 564 332 602 reclamantibus
342 567 363 601 et
372 564 519 602 reluctantibus.
531 563 575 609 Qui,
587 563 699 608 aliquandiu
710 563 740 603 hic
751 565 803 610 apud
814 575 851 604 nos
862 576 949 612 manens,

87 614 167 653 tandem
181 615 206 652 ad
219 618 338 652 conventum
350 614 413 652 Vallis
426 614 490 652 Marie
504 615 512 637 1
526 625 548 653 se
561 616 651 660 contulit,
665 615 731 659 ibique
745 620 830 659 quatuor
845 618 901 655 annis
915 617 949 653 ha-

87 666 158 711 bitans,
172 665 253 702 tandem
267 668 324 708 peste
337 667 441 708 correptus
455 665 510 710 obiit,
524 665 590 708 ibique
604 666 623 702 in
639 666 721 702 ecclesia
736 670 782 703 ante
797 667 878 709 januam
893 667 947 706 chori

87 713 235 757 occidentalem,
248 716 294 749 ante
307 712 368 757 pedes
381 713 458 750 abbatis
470 713 560 757 Etelloci‚
574 714 667 757 congruis
681 713 789 758 honoribus
802 716 897 759 sepelitur
910 717 947 753 sub

87 764 144 846 geisa
166 770 283 846 marmorea,
306 761 331 798 ab
348 771 372 798 eo
389 760 461 798 ibidem
479 763 591 806 procurata,
609 771 661 800 anno
678 761 757 800 Domini
776 762 827 808 1512,
844 762 863 800 V
879 763 947 800 kalen·

70 852 72 854 ,
101 820 156 847 arum
183 809 250 853 ugusti

87 859 162 897 Extant
178 863 198 897 et
214 860 275 896 multa
291 860 329 896 alia
344 859 368 896 de
384 859 421 896 hoc
437 862 494 904 patre
508 858 590 897 Takone
605 859 771 906 scribenda,quod
782 863 857 901 scilicet
869 864 946 901 missale

89 910 137 947 illud
150 921 249 954 magnum,
262 910 315 952 quod
328 909 387 947 modo
400 910 419 946 in
432 921 509 948 summo
523 910 580 947 altari
594 913 629 955 est,
643 921 665 947 ac
678 910 762 953 quedam
775 911 813 947 alia
826 913 949 955 ornamenta,

88 957 140 1002 apud
159 958 354 995 premonstratenses
373 957 393 994 in
414 957 479 1004 insula
499 956 562 994 Marie
582 959 590 980 ²
610 957 750 1003 impignorata,
765 959 879 1003 redemerit;
892 960 945 1003 quod

89 1009 148 1045 etiam
159 1008 199 1046 duo
211 1007 350 1051 antiphonaria
361 1007 458 1045 conscribi
469 1008 554 1051 fecerit;
575 1008 627 1052 quod
639 1011 659 1044 et
671 1018 750 1045 sorores
762 1009 781 1045 in
794 1007 910 1045 Bethlehem
922 1007 946 1043 ad

87 1056 216 1094 deferendum
232 1057 290 1099 nigra
306 1056 350 1092 vela
366 1055 471 1101 induxerit,
489 1066 526 1099 que
543 1055 598 1099 prius
615 1056 664 1092 albis
681 1056 810 1093 velaminibus
826 1055 947 1098 utebantur3

87 1108 108 1141 et
115 1106 167 1148 quod
175 1104 320 1143 conventumde
333 1103 448 1141 Bethlehem
461 1105 480 1141 in
494 1104 560 1141 multis
574 1104 622 1142 locis
636 1103 746 1147 collapsum
759 1114 794 1147 per
808 1104 896 1147 priorem
910 1104 947 1141 loci

88 1152 195 1190 Adrianum
211 1155 317 1191 restaurari
331 1154 384 1199 fecit,
401 1157 421 1190 et
435 1155 497 1193 multa
513 1154 556 1199 alia,
571 1164 609 1198 que
624 1153 655 1190 hic
670 1163 729 1190 cansa
744 1154 846 1191 brevitatis
862 1154 948 1191 scrihere

88 1201 203 1246 omittimus,
212 1212 248 1246 per
257 1202 341 1239 eundem
352 1201 476 1239 laudabiliter
485 1202 539 1239 facta
549 1202 645 1240 novaus.

88 1249 144 1286 Libet
155 1253 222 1287 tamen
234 1250 355 1294 epitaphium
367 1251 414 1295 eius,
427 1260 438 1287 a
450 1250 536 1294 quodam
547 1250 652 1287 sacerdote
664 1251 801 1295 compositum,
814 1251 840 1288 ob
852 1251 949 1288 sobrieta-

88 1302 128 1336 tem
138 1300 180 1345 viri,
191 1300 304 1344 priusquam
315 1300 339 1337 ad
350 1300 424 1343 reliqua
435 1299 538 1337 scribenda
549 1299 670 1347 accedamus,
681 1299 712 1336 hic
721 1302 843 1338 subnectere.

87 1349 175 1392 (Volgen
184 1350 294 1387 lofdichten
303 1360 330 1395 ορ
340 1350 394 1387 Talro
401 1361 409 1393 ;
420 1351 453 1388 120
462 1349 588 1394 versregels.)
598 1352 611 1387 ³.

88 1400 165 1444 Paulus,
190 1400 246 1438 huius
271 1400 309 1437 loci
334 1400 394 1437 abbas
419 1400 487 1445 XXVI,
512 1400 586 1444 prefuit
611 1401 667 1437 annis
692 1399 720 1437 27.
746 1400 782 1437 iiic
807 1401 902 1437 canonice
927 1403 947 1436 et

88 1447 185 1490 legittime
198 1447 305 1485 secundum
318 1448 405 1489 formam
418 1448 468 1490 juris
482 1451 502 1484 et
515 1450 636 1486 statutorum
650 1451 764 1486 nostrorum
779 1458 814 1492 per
828 1449 879 1485 viam
894 1459 946 1485 com-

88 1495 180 1545 promissi
196 1496 276 1540 electus,
293 1495 361 1532 sedule
377 1495 473 1539 cogitavit
490 1495 590 1539 quomodo
606 1496 625 1532 in
643 1496 694 1533 Orto
711 1495 774 1532 Marie
791 1496 869 1539 plantas
886 1495 949 1533 bonas

88 1546 212 1590 transferret,
224 1546 278 1583 cuius
291 1546 373 1583 colonus
386 1548 406 1582 et
418 1546 495 1589 rigator
507 1545 586 1582 sedulus
600 1546 666 1582 extitit
678 1548 699 1583 et
711 1546 793 1588 pallium
805 1546 900 1582 virtutum
913 1546 950 1584 sibi

91 1596 195 1639 prestitum
208 1605 219 1631 a
232 1598 288 1639 patre
300 1595 387 1640 Takone,
400 1598 501 1639 tamquam
514 1596 564 1632 alter
577 1595 675 1640 Helizeus‚
694 1596 793 1635 custodire
805 1606 845 1633 non
857 1596 948 1639 neglexit

13 1686 14 1689 Ἴ
88 1643 138 1680 Nam
153 1647 280 1688 paternarum
295 1643 424 1682 traditionum
439 1644 573 1682 sanctissimus
589 1645 687 1681 emulator
702 1646 723 1680 et
738 1644 840 1688 religionis
856 1644 949 1688 egregius

88 1694 164 1731 zelator
175 1694 214 1731 fuit
225 1694 255 1731 vir
267 1694 336 1739 bonus,
348 1694 421 1738 quippe
434 1695 466 1738 qui
479 1694 618 1739 pientissimus,
630 1694 793 1731 clementissimus
806 1697 827 1731 et
839 1694 949 1733 misericor-

89 1743 180 1781 dissimus
189 1754 237 1788 erga
246 1744 319 1781 fratres
328 1754 374 1782 suos
384 1746 404 1781 et
413 1754 510 1789 pauperes
520 1743 635 1781 mirabiliter
644 1743 688 1780 fuit.
704 1744 740 1783 Hic
747 1745 853 1789 specialem
860 1745 948 1788 graciam

89 1794 157 1878 hgbuit
170 1793 306 1843 discordantes
320 1793 443 1838 pacificandi.
469 1793 506 1831 Hic
520 1804 626 1841 numquam
639 1804 661 1832 se
674 1794 693 1831 in
709 1794 789 1831 levitate
803 1793 948 1833 ambulantibus
991 1821 992 1824 ,

89 1842 183 1879 aiunxit.

89 1893 176 1930 Cernens
196 1893 263 1935 itaque
282 1895 302 1929 et
322 1892 447 1937 perpendens
466 1893 583 1932 venerabilis
603 1892 694 1930 dominus
713 1891 774 1937 Tako,
795 1891 846 1928 hunc
866 1892 948 1928 Paulum

88 1941 151 1978 virum
167 1941 246 1978 tametsi
263 1940 359 1979 iuniorem
376 1941 452 1985 pollere
468 1941 579 1986 virtutibus
596 1941 698 1984 Deumque
714 1941 784 1977 timere
801 1942 860 1982 atque
876 1940 950 1977 bonum
970 1972 972 1974 .

89 1992 201 2035 exemplum
215 1990 344 2028 conversandi
358 1991 401 2030 aliis
414 1992 474 2029 etiarn
487 1991 597 2028 senioribus
612 1992 700 2036 prebere,
715 1994 791 2028 matura
805 1989 949 2028 deliberatione

89 2038 198 2084 prehabita,
212 2041 297 2082 quatuor
312 2039 460 2085 reformatores,
474 2050 524 2083 quos
538 2038 563 2076 de
577 2039 667 2077 Dockum
682 2039 702 2075 in
717 2038 768 2076 hunc
782 2041 902 2076 conventum
917 2037 950 2074 ad·

89 2088 178 2134 duxerat,
190 2090 246 2127 novis
258 2090 328 2127 tunicis
340 2089 365 2126 de
376 2099 443 2133 panno
455 2090 534 2133 anglico
545 2090 604 2127 111113
616 2090 695 2126 vestivit
708 2092 766 2133 atque
778 2099 822 2126 cum
834 2088 951 2126 multimoda

89 2139 200 2182 graciarum
217 2139 295 2176 actione
311 2150 334 2177 ac
349 2140 462 2183 pecuniaria
479 2139 616 2178 benedictione
633 2139 657 2176 ad
674 2140 776 2183 proprium
793 2142 912 2177 conventum
928 2139 948 2175 in

88 2186 192 2231 Dockinga
204 2187 284 2232 remisit,
296 2188 364 2225 volens
374 2187 399 2224 de
410 2190 477 2226 cetero
489 2190 608 2225 conventum
618 2197 680 2232 suum,
691 2187 766 2225 scilicet
778 2187 822 2225 Orti
833 2186 902 2233 Marie,
915 2197 950 2231 per

88 2247 135 2276 suos
152 2237 245 2282 proprios
262 2238 388 2281 professores
405 2238 447 2281 regi
465 2249 488 2275 ac
504 2238 616 2281 gubernari.
634 2237 744 2281 Statimque
761 2237 813 2274 hunc
830 2237 912 2275 Paulum
930 2238 950 2274 in

89 2287 175 2331 priorem
190 2289 298 2325 conventus
312 2288 357 2325 Orti
370 2287 440 2332 Marie,
447 2298 524 2325 necnon
539 2290 560 2324 et
573 2288 692 2332 vestiarium,
707 2288 808 2331 promovit
822 2291 842 2324 et
856 2288 947 2325 instituit.

89 2334 128 2378 Qui
145 2335 210 2380 etiarn,
226 2345 285 2378 quarn
301 2335 386 2379 primum
402 2337 473 2380 potuit,
490 2336 576 2372 manicas
593 2336 703 2372 tunicarum
720 2335 815 2375 rotundas
832 2335 877 2372 fieri
894 2336 948 2380 fecit,

89 2393 137 2427 quas
148 2384 185 2428 ipsi
196 2383 339 2422 reformatores
349 2384 420 2422 scissas
431 2387 451 2421 et
461 2384 520 2422 fissas
530 2383 613 2421 formari
624 2384 719 2420 fecerant,
731 2384 812 2428 Insuper
824 2385 844 2420 et
855 2383 951 2422 fratribus

89 2434 109 2470 in
123 2433 238 2470 necessariis
253 2443 311 2476 quarn
326 2434 461 2477 copiosissime
476 2437 496 2471 et
510 2433 691 2472 habundantissime
706 2433 798 2477 providit.
814 2433 835 2469 ln
851 2435 951 2477 prioratus

89 2493 137 2521 vero
150 2484 220 2522 officio
233 2483 324 2521 omnibus
337 2493 359 2520 se
372 2483 476 2521 amabilem
489 2483 574 2521 reddidit
587 2487 608 2521 et
621 2483 716 2529 exhibuit,
729 2484 842 2528 exemplum
855 2485 950 2522 virtutum

89 2533 180 2570 omnibus
195 2532 301 2571 ostendens
317 2544 338 2572 se
353 2536 424 2578 totum,
439 2535 467 2571 ita
482 2533 535 2577 quod
551 2534 570 2570 in
586 2535 641 2572 nullo
658 2533 816 2578 reprehensibilis
831 2534 897 2572 fuerit.
914 2534 950 2572 Hic

89 2583 137 2620 emit
151 2583 188 2621 hoc
202 2593 284 2627 parvum
298 2593 401 2628 organum,
416 2583 469 2626 quod
483 2583 546 2620 adhuc
560 2584 580 2620 in
595 2584 677 2621 ecclesia
691 2583 736 2621 Orti
750 2583 813 2621 Marie
828 2587 924 2630 superest,
939 2595 950 2621 a

92 2634 196 2670 venerabili
210 2633 291 2672 domino
303 2633 365 2671 Paulo
378 2634 450 2671 abbate
462 2634 482 2671 in
495 2634 626 2678 Clarocampo
639 2634 709 2678 viginti
722 2637 743 2671 et
755 2645 795 2672 uno
808 2635 897 2680 florenis,
910 2646 947 2679 pro

90 2681 162 2719 solatio
177 2684 197 2718 et
210 2681 344 2723 sublevamine
358 2681 418 2719 chori.
433 2681 469 2719 Hic
483 2692 556 2720 novum
570 2682 697 2727 ordinarium,
712 2683 744 2726 qui
759 2683 778 2720 in
793 2683 874 2721 sinistro
889 2683 950 2722 choro

90 2733 126 2775 est,
140 2731 262 2775 conscripsit.
274 2730 313 2769 ,tric
326 2732 386 2769 etiam
401 2731 476 2777 librum,
490 2732 523 2776 qui
538 2735 584 2769 ante
598 2731 671 2776 gradus
686 2733 797 2776 presbiterii
811 2733 868 2779 iacet,
882 2737 949 2778 preter

115 2913 122 2949 1
149 2912 230 2950 uiarum.
256 2899 259 2902 ’

113 2963 125 2999 2
149 2962 298 3008 Martenweeru,
308 2964 334 3007 hii
344 2963 471 3008 Kuilenburg.

114 3013 126 3049 3
150 3011 307 3056 Eenigedeelte
331 3023 369 3051 van
394 3013 442 3051 deze
468 3014 576 3052 lofdichten
601 3015 617 3052 is
637 3014 693 3052 reeds
713 3015 820 3060 afgedruht
838 3016 864 3060 bii
884 3017 949 3063 Hugo,

149 3060 201 3098 Sacr.
212 3061 278 3105 nntiq.
287 3061 376 3100 Monum.
387 3062 410 3107 ii,
419 3073 438 3107 p.
448 3063 489 3109 235,
498 3063 539 3100 236.
