2121 3546
498 243 528 295 ⁸3

84 371 159 478 abhas
182 372 328 429 designatum
342 372 437 429 scriptis
450 370 575 418 electionis
587 371 663 418 literis
676 371 707 418 ab
720 370 828 418 omnibus
842 368 943 417 eaedem

84 449 112 478 su
130 433 258 488 signantur.

84 490 174 537 Eodem
188 507 235 548 quo
251 489 378 536 lsbrandus
395 489 516 536 absolutus
525 494 567 536 est
583 506 645 535 anno
660 492 753 536 venturi
769 491 824 536 novi
840 490 944 546 episcopi

84 551 225 609 prodromos
241 550 399 598 Leovardiam
414 552 520 605 veniens,
537 567 593 597 mox
608 551 681 598 futuri
697 552 805 609 episcopi
819 550 903 597 literas
919 551 942 595 in

84 610 184 657 ecclesia
196 609 364 656 Leovardiensi
375 612 487 667 primaria
499 609 605 656 omnibus
615 610 740 668 praelegit.
749 609 867 657 Postridie
876 608 942 655 Puri-

85 673 201 718 ficationis
212 671 240 718 Di
250 671 353 728 Virginis
364 673 372 694 ¹
383 673 507 728 episcopus
519 670 632 724 Cunerus,
644 673 678 716 vir
689 679 788 726 magnae
799 669 943 721 eruditionis,

84 736 179 780 natione
197 733 314 780 Zelandus
332 733 362 780 de
379 732 586 786 Brouwershaven,
606 748 688 778 sacrae
705 730 837 788 theologiae
855 730 943 784 doctor,

86 795 206 856 quondam
219 794 333 841 ecclesiae
343 794 371 841 D.
383 794 447 841 Petri
458 795 481 839 in
493 793 614 854 academia
624 793 764 839 Lovaniensi
775 797 856 850 pastor
867 791 942 838 adest.

84 858 168 904 Literis
183 857 246 903 sedis
261 856 406 914 apostolicae
421 872 488 902 suam
503 854 673 912 professionem
688 860 712 901 et
727 853 888 911 praesulatum
904 853 944 899 de·

85 918 276 965 monstratlnter
287 923 381 964 caetera
392 919 581 974 praeposituram
591 916 804 963 Bolswardiensem
815 932 943 972 omnesque

85 988 155 1034 agros
166 984 191 1025 et
201 978 292 1025 reditus
302 980 408 1035 integros
419 995 477 1025 suae
488 995 586 1024 mensae
597 995 612 1024 a
623 977 681 1024 sede
692 977 827 1036 apostolica
837 978 942 1033 assigna·

85 1042 130 1091 tos,
146 1036 258 1083 exhibitis
273 1040 368 1095 scriptis
383 1037 462 1084 docet.
478 1037 583 1083 Ulterius
598 1046 745 1095 progressus,
761 1038 865 1083 omnium
881 1035 943 1082 redi·

84 1101 157 1150 tuum,
174 1106 290 1153 agrorum,
307 1096 448 1150 debitorum,
465 1096 615 1150 solutionum,
633 1096 821 1153 supellectilium.
839 1098 943 1141 omnium

85 1173 164 1202 rerum
177 1159 356 1214 praepositurae
370 1155 555 1202 Bolsvardianae
569 1155 693 1212 praelatae
707 1158 816 1201 exactam
830 1158 946 1200 rationem

86 1217 215 1264 desiderat.
225 1217 295 1270 Quod
300 1217 356 1264 dnm
365 1216 479 1263 Isbrando
489 1216 605 1274 obiicitur,
616 1226 724 1273 magnam
734 1216 769 1262 illi
779 1216 944 1262 difficultatem

85 1278 155 1333 parit,
165 1276 315 1334 Frequenter
325 1278 357 1324 ad
367 1277 425 1324 illud
434 1277 606 1336 praestandum
616 1278 827 1332 commonefactus,
839 1278 906 1324 videt
917 1294 943 1324 se

85 1352 138 1382 curn
145 1338 198 1393 ipso
206 1336 346 1383 fulminante
355 1336 415 1383 Jove
423 1353 474 1383 rem
481 1336 577 1390 habere3
587 1336 670 1394 quibus
679 1336 762 1383 mediis
771 1353 823 1383 sese
831 1336 867 1383 his
875 1336 945 1383 rebus

87 1397 189 1444 extricet
203 1394 259 1441 dum
272 1395 343 1442 altius
356 1395 492 1450 meditatur.
507 1395 538 1442 ab
551 1397 604 1453 ipso
617 1396 729 1453 praesule
742 1413 786 1453 per
800 1395 944 1442 advocatum

86 1454 139 1500 fisci
150 1457 241 1500 citatur.
254 1454 360 1501 Tandem
371 1454 476 1501 collectis
488 1455 557 1501 rebus
569 1454 682 1509 omnibus.
696 1454 778 1501 relicta
790 1454 809 1501 F
810 1457 872 1510 risia.
886 1455 945 1501 Her·

87 1514 195 1559 dervicae
209 1513 317 1560 salutatis
331 1513 443 1568 amiculis,
458 1513 558 1560 Emdam
571 1516 674 1559 omnium
688 1514 780 1571 'asylum
794 1515 946 1571 profugorum

86 1575 150 1621 adiit.
167 1575 201 1621 lbi
214 1575 303 1622 ‘diutius
318 1575 444 1629 haesitans,
461 1575 531 1622 ducta
546 1592 620 1622 uxore
635 1581 750 1632 apostata.
767 1576 946 1622 Francfordiam

86 1636 250 1694 proficiscitur.
267 1637 337 1683 Peste
354 1642 476 1695 correptus
492 1642 597 1694 uterque,
615 1636 680 1683 illam
697 1640 789 1684 amittit.
824 1637 946 1684 Coloniam

86 1697 209 1756 paululum
222 1703 341 1745 recreatus
356 1698 416 1744 caeli
429 1699 535 1745 mutandi
549 1701 625 1755 gratia
638 1699 765 1755 profectus,
780 1702 853 1757 pestis
867 1717 945 1746 recru-

87 1761 167 1814 descit.
183 1776 230 1818 qua
244 1763 361 1807 extinctus
375 1762 474 1817 quiescit
489 1777 550 1807 anno
567 1764 630 1815 1571.
646 1763 730 1807 aetatis
738 1762 944 1820 56,praefecturae

86 1839 143 1869 suae
155 1838 216 1868 anno
229 1824 263 1868 17.

255 1947 363 1991 Joanncs
375 1945 556 2013 Geelmudensis
569 1947 644 1991 abbas
656 1946 775 1991 XXXIV.

80 2069 182 2125 ⁴Electus
200 2068 273 2115 abbas
292 2067 397 2115 Joannes
416 2067 596 2115 Geelmudensis
615 2073 708 2126 sumpto
727 2086 806 2116 secum
825 2069 899 2115 fratre
918 2069 946 2116 D.

87 2130 186 2178 Nicolao
203 2131 237 2188 o),
247 2129 346 2177 ·Lidlum
363 2146 453 2176 summa
470 2130 590 2176 celeritate
607 2135 725 2188 properat.
744 2131 783 2177 ubi
800 2130 830 2176 ab
846 2136 946 2188 utroque

88 2193 172 2239 abbate
188 2194 261 2250 ipsius
278 2191 575 2252 praestolaturbadventus,
593 2192 752 2239 Confirmatus
770 2193 799 2239 ab
816 2192 947 2240 Godefrido

87 2259 155 2312 patre
167 2254 258 2308 abbate.
271 2270 325 2301 cum
337 2253 451 2300 lsbrando
464 2254 493 2299 de
506 2253 589 2299 dandis
603 2254 712 2308 donariis,
726 2254 756 2300 de
768 2254 885 2301 redituum
898 2272 946 2301 om-

88 2318 152 2362 nium
166 2315 295 2362 traditione
310 2316 426 2371 transigit.
442 2331 534 2372 suoque
550 2317 604 2361 exin
620 2315 701 2362 officio
716 2333 808 2363 summa
823 2316 946 2374 diligentia

88 2374 218 2433 praeestb)
232 2373 363 2421 Literarum
377 2374 461 2428 studia.
477 2379 583 2431 tempore
598 2391 613 2420 a
627 2377 689 2421 curis
705 2375 818 2430 submota,
834 2381 948 2434 quantum

87 2441 166 2495 potest
177 2453 257 2483 secum
267 2436 365 2483 confert.
377 2434 478 2493 Reliqua
489 2438 625 2482 monasterii
636 2439 730 2493 negotia
741 2454 785 2484 sua
796 2438 912 2484 industria
924 2444 947 2484 et

88 2499 169 2545 labore
180 2499 284 2555 disponit
295 2500 407 2554 gnaviter.
419 2496 456 2543 Ex
467 2497 659 2543 archidiaconatu
676 2498 828 2546 Vinsomensi
836 2516 899 2546 anno
907 2503 945 2546 59²

88 2577 141 2607 curn
150 2563 261 2617 episcopo
270 2559 437 2605 Leovardiensi
446 2568 542 2615 magnas
553 2561 652 2605 sustinet
662 2559 788 2605 molestias.
801 2558 855 2615 Ipso
866 2564 948 2605 contra

87 2621 242 2668 invadentem
260 2622 399 2679 episcopum
416 2636 484 2667 suum
502 2622 537 2678 jus
555 2620 708 2675 defendente.
727 2622 800 2666 mittit
818 2625 946 2678 praeterea

112 2779 133 2858 i)
146 2769 336 2854 ,iddgdiiblirouh
346 2816 409 2852 virum
419 2815 532 2852 modestum
543 2816 563 2851 et
574 2815 634 2858 pium,
645 2814 728 2852 fratrem
739 2816 838 2856 communi
850 2816 948 2866 virginum

88 2867 188 2910 suffragio
202 2866 286 2903 electum
300 2867 392 2903 abbatem
405 2865 513 2908 substituit,
527 2865 560 2908 qui
573 2866 598 2902 ab
612 2865 707 2909 episcopo
723 2866 856 2908 Groningensi
870 2866 948 2903 Joanne

89 2917 162 2960 Kniiiio
172 2918 305 2958 consecratus,
314 2915 399 2953 feliciter
409 2916 494 2959 praeest.

114 3018 123 3053 1
148 3015 271 3053 3Februari.
309 3057 310 3060 Ἴ

112 3065 124 3102 2
148 3063 256 3108 Moetzrjn
271 3062 322 3101 1569.
