2121 3546
557 176 586 227 22

441 305 554 349 Vulteius
566 306 641 349 abbas
652 305 707 349 XV.
775 350 777 352 .

143 426 251 474 Valtetus
273 427 361 483 (Valtol
383 426 500 473 secundus
518 427 653 482 succedens,
673 443 716 473 suo
733 429 874 473 monasterio
893 432 1005 484 tanquam

148 490 225 535 tidelis
242 492 319 535 ovium
335 494 417 545 pastor
433 494 534 545 praeest.
567 488 644 535 Multa
661 489 747 534 damna
763 505 896 545 perpessus,
915 504 1005 534 summa

144 549 190 595 iert
206 551 326 607 patientia.
343 548 437 594 Accidit
452 548 523 605 huius
540 549 631 595 abbatis
647 548 790 606 temporibus
807 553 930 595 cruentum
946 548 1005 595 illud

149 610 272 656 Frisonum
287 627 340 656 cum
356 609 480 656 Hollandis
497 609 591 656 bellum.
622 609 752 656 Vilhelmus
770 609 911 656 Hollandiae
927 626 1005 656 comes

144 672 199 718 dum
216 671 310 726 Frisios,
328 671 436 717 libertate
454 688 497 718 sua
514 676 642 726 contentos,
661 671 792 718 durioribus
811 671 890 718 studet
907 687 1006 718 onerare

150 733 315 786 exactionibus,
333 736 434 789 graviter
451 733 504 779 illos
521 734 628 787 offendit,
646 733 677 779 ad
693 750 759 779 arma
775 733 889 779 sumenda
905 750 948 790 pro
965 733 1005 779 ob·

143 795 240 840 tinenda
248 797 322 840 veteri
332 794 361 840 ab
370 797 512 852 imperatore
521 794 627 841 Romano
638 794 723 841 Carolo
734 795 821 851 Magno
832 795 1006 852 privilegiorum

147 859 222 912 gratia
233 855 285 902 illos
296 856 422 913 compellit.
434 857 461 914 u)
472 856 512 902 Ad
522 873 628 903 mensam
639 856 782 902 Francorum
793 860 854 913 regis
866 862 937 911 stans,
950 873 1005 902 con-

147 916 244 962 tumelia
252 916 281 961 ob
290 919 364 973 patris
373 916 470 962 eaedem
479 933 493 962 a
501 916 582 962 Frisiis
592 916 682 962 illatam
691 916 799 963 adiectus
808 919 823 971 ²,
833 916 917 974 plenus
927 917 1006 963 furore

148 978 285 1033 conscriptis
305 976 416 1022 militibus
436 976 535 1022 Frisium
554 977 658 1023 violenta
676 993 748 1023 manu
766 977 904 1033 ingreditun
925 994 1005 1023 omnes

144 1035 233 1082 Frisiae
245 1041 324 1093 partes
337 1039 384 1082 suis
396 1036 498 1093 praedas
511 1036 632 1093 agentibus
645 1036 756 1082 militibus
768 1042 892 1082 scrutatur.
906 1037 933 1082 ln
945 1047 1006 1094 pago

148 1096 253 1153 Verraga
265 1099 273 1120 ²
285 1097 378 1143 collecti
390 1097 465 1152 Frisii,
480 1098 624 1144 arundinetis
637 1101 725 1155 passim
737 1097 829 1152 occulti,
843 1115 873 1144 ex
886 1101 1006 1155 inopinato

143 1156 292 1213 prosilientes
304 1159 368 1214 ipsos
380 1158 472 1203 fortiter
483 1161 612 1214 reprimunt
624 1160 682 1204 etin
694 1158 773 1215 pedes,
786 1157 864 1204 multis
876 1158 1005 1213 trucidatis,

145 1217 249 1275 reliquos
270 1219 443 1275 impedimentis
463 1219 568 1265 hostibus
589 1219 677 1264 relictis
698 1219 754 1276 luga
775 1219 875 1266 salutem
895 1224 1003 1276 querunt.

149 1281 200 1327 Hac
216 1280 361 1327 memorabili
377 1283 474 1326 victoria
491 1281 556 1334 laeti;
574 1298 604 1327 ex
620 1281 716 1329 obtenta
732 1280 812 1338 palma
828 1281 880 1327 loco
896 1281 1007 1327 Palmara

148 1357 234 1386 nornen
243 1341 350 1393 inditum
361 1351 422 1397 pago
432 1340 459 1398 b)
468 1340 585 1387 Raedvier
595 1340 664 1386 modo
675 1358 689 1386 a
699 1341 754 1386 lorti
765 1340 901 1386 defensione
911 1357 1007 1387 suorum

144 1400 249 1457 Verraga
262 1400 352 1453 dieitur,
365 1399 409 1445 hoc
421 1404 473 1445 est:
493 1410 567 1456 pagus
580 1405 653 1445 semet
665 1399 848 1446 defendentium.
861 1400 1007 1446 Monasterio

150 1460 218 1507 Horti
233 1461 332 1507 multum
348 1462 426 1506 damni
443 1461 505 1506 dant.
523 1460 629 1506 Tandem
644 1460 759 1517 repulsus,
777 1461 807 1507 ad
825 1460 1006 1507 Stauriamcol·

145 1521 212 1567 lectis
229 1521 297 1567 simul
314 1523 435 1578 utriusque
451 1523 568 1566 exercitus
584 1523 658 1578 copiis
674 1521 780 1567 omnibus
798 1526 920 1567 cruentum
936 1523 1007 1567 initur

145 1588 271 1629 certamen,
287 1583 312 1640 c)
327 1582 396 1628 Frisii
411 1585 507 1639 ancipiti
521 1581 611 1639 proelio
627 1587 764 1639 pugnantes,
780 1599 823 1639 pro
839 1585 886 1628 aris
902 1583 1007 1640 locisque

145 1644 237 1690 fortiter
252 1645 395 1697 dimicantes,
411 1646 515 1700 aggressi
529 1643 608 1689 hostes
624 1644 684 1689 fiunt
699 1647 838 1700 superiores.
855 1643 939 1690 Comes
954 1661 1008 1691 cum

151 1706 224 1751 tribus
238 1705 360 1751 comitibus
374 1710 396 1751 et
410 1707 563 1762 septingentis
576 1704 687 1751 militibus
702 1722 732 1750 ex
745 1708 793 1751 suis
807 1722 897 1760 caesus,
911 1707 940 1764 d)
953 1706 1008 1752 reli-

146 1770 197 1824 quis
214 1766 342 1824 arripiendi
358 1766 438 1823 fugam
453 1768 600 1813 occasionem
617 1767 688 1813 dedit.
706 1766 846 1813 Conscensis
863 1767 961 1814 navibus
978 1768 1007 1814 ab

149 1828 216 1874 hoste
227 1828 352 1874 luribundo
363 1830 386 1873 in
397 1831 449 1885 ipso
459 1831 518 1873 mari
529 1828 590 1874 colle
601 1833 668 1874 tenus
680 1834 853 1886 prosequuntur
865 1830 897 1887 e).
910 1828 1007 1875 Comitis

149 1889 242 1945 uxori)
261 1891 347 1934 amisso
359 1905 400 1945 per
413 1888 500 1934 Frisios
512 1891 612 1945 conjuge
624 1890 690 1942 irata,
704 1888 832 1935 Frisiorum
843 1891 867 1935 in
880 1888 1008 1936 Hollandia

169 2072 189 2114 a)
214 2082 267 2108 om:
285 2070 563 2113 admensem—militibus;
712 2111 713 2114 Ἴ

174 2121 195 2163 b)
220 2122 277 2157 Lees:
285 2130 354 2163 pagus.
364 2120 393 2163 ΒΗ
402 2119 418 2156 A
427 2120 447 2155 in
456 2121 546 2162 margine
555 2121 595 2156 met
605 2129 640 2155 een
650 2120 723 2156 andere
732 2120 792 2156 hand:
802 2120 856 2156 torte
866 2130 877 2156 a
887 2121 946 2162 bello,
956 2120 1008 2162 quod

150 2169 220 2212 Angiis
232 2170 338 2205 etiamnum
351 2168 409 2203 hodie
421 2176 507 2203 warre
519 2167 598 2209 <licitum

170 2218 188 2258 c)
214 2216 272 2252 add:
292 2216 362 2252 Comes
375 2215 453 2251 tametsi
466 2224 548 2251 numero
561 2215 625 2250 maior
631 2226 639 2257 ,-

170 2266 191 2307 d)
216 2266 259 2302 add.
292 2266 312 2300 in
324 2266 414 2306 margine
425 2266 466 2300 met
478 2274 514 2300 een
526 2264 599 2300 andere
611 2263 678 2299 hand:
696 2263 791 2307 sepelitur
803 2264 823 2301 in
837 2264 916 2301 Florido
930 2265 994 2301 Horto
1001 2276 1008 2308 ,¹
1046 2306 1048 2310 f

174 2315 193 2357 e)
218 2314 240 2350 in
254 2314 344 2357 margine
358 2315 384 2356 bii
399 2313 414 2349 Β
428 2315 470 2349 met
484 2323 520 2349 een
535 2314 608 2349 andere
623 2313 689 2348 hand:
712 2314 811 2356 Vorperus
827 2314 935 2358 Thaborita
948 2314 981 2350 lib,
997 2316 1008 2351 3

150 2373 187 2405 cap
200 2365 221 2399 41
237 2362 289 2404 dicit,
303 2363 368 2398 occisa
382 2371 425 2398 esse
438 2362 458 2397 in
472 2371 496 2397 eo
511 2361 606 2397 conflictu
623 2362 643 2397 is
658 2361 719 2397 rniilia
733 2361 839 2397 hominnm.
854 2361 914 2398 Facta
928 2364 958 2398 est
972 2363 1008 2398 hec

150 2414 228 2453 strages
242 2420 306 2454 prope
320 2410 418 2447 Stauriam
433 2410 457 2446 26
472 2409 503 2445 die
519 2409 646 2452 Septembris,
661 2409 681 2445 in
697 2410 788 2452 proiesto
806 2409 871 2446 Cosmi
887 2411 908 2446 et
923 2411 1008 2447 Damiat'

150 2462 258 2502 martyrum
271 2468 323 2494 anno
337 2458 415 2495 Domini
430 2458 480 2494 1345.

151 2509 191 2544 Hac
207 2507 262 2543 clade
276 2507 369 2542 nunciata
384 2506 484 2541 comitissa
500 2516 524 2542 ex
539 2506 645 2541 amissione
659 2505 725 2541 mariti
741 2505 807 2541 Frisiis
822 2506 910 2548 graviter
925 2506 1008 2548 intensa,

147 2556 213 2591 omnia
222 2555 302 2595 illorum
312 2556 365 2597 bona
375 2564 411 2597 per
422 2555 485 2590 totam
496 2553 622 2589 Hollandiam
632 2553 733 2596 publicata
743 2554 808 2590 erario
819 2563 855 2590 suo
866 2554 923 2591 iussit
933 2554 1008 2591 interri.

150 2603 240 2640 insulani.
247 2604 330 2640 Marten
341 2604 381 2639 suis
392 2612 492 2645 occupans
503 2602 621 2639 satellitibus
632 2603 741 2638 monachos
752 2603 773 2638 in
784 2612 838 2639 mare
850 2604 951 2646 proiectos
963 2605 1009 2641 snb-

147 2653 209 2694 mergi
226 2652 328 2695 praecipit,
345 2652 403 2688 aedes
420 2651 503 2693 incendi,
520 2651 570 2687 sicut
586 2653 697 2687 memorata
714 2650 770 2686 clade
786 2652 908 2688 monasterio
925 2652 1009 2688 multum

147 2701 212 2737 damni
224 2702 249 2737 sit
261 2702 333 2737 datum.
901 2707 903 2710 ’

170 2751 188 2792 i)
214 2750 266 2793 Verp
279 2750 394 2792 szaerdffi

176 2850 184 2884 l
211 2848 243 2884 Zie
256 2848 280 2883 de
292 2847 387 2891 inleiding
400 2858 419 2891 p.
433 2847 517 2884 XXXlll.

174 2898 185 2933 2
210 2896 284 2939 Wnrga
296 2897 317 2933 of
329 2895 431 2940 Warrega,
443 2898 476 2932 ten
488 2895 507 2931 Z.
520 2906 556 2931 van
570 2894 706 2939 Leeuwarden,
719 2905 771 2931 waar
784 2895 850 2936 echter
863 2895 887 2932 de
900 2896 956 2939 strijd
968 2899 1008 2934 tus-

210 2944 269 2981 schen
280 2944 398 2981 Hollanders
409 2955 433 2980 en
444 2943 524 2980 Friezen
536 2944 577 2980 niet
588 2943 643 2979 heeft
654 2944 718 2986 piaats
730 2944 800 2989 gehad,
811 2944 848 2980 wel
860 2947 880 2980 te
891 2944 962 2981 Warns
974 2943 1008 2988 (bii

211 2992 321 3037 staveren),
335 2993 373 3035 vgl.
387 2991 449 3035 Worp
462 3002 500 3028 van
513 2991 598 3036 Thabor,
612 2991 669 3027 l-lll
684 3002 702 3035 p.
718 2992 756 3028 186.
