<?xml version="1.0" encoding="UTF-8"?>
<!DOCTYPE html PUBLIC "-//W3C//DTD XHTML 1.0 Transitional//EN"
    "http://www.w3.org/TR/xhtml1/DTD/xhtml1-transitional.dtd">
<html xmlns="http://www.w3.org/1999/xhtml" xml:lang="en" lang="en">
 <head>
  <title>
</title>
<meta http-equiv="Content-Type" content="text/html;charset=utf-8" />
  <meta name='ocr-system' content='tesseract 3.04.00' />
  <meta name='ocr-capabilities' content='ocr_page ocr_carea ocr_par ocr_line ocrx_word'/>
</head>
<body>
  <div class='ocr_page' id='page_1' title='image "MN42041ucmf_1_0109.png"; bbox 0 0 2121 3546; ppageno 0'>
   <div class='ocr_carea' id='block_1_1' title="bbox 494 285 521 329">
    <p class='ocr_par' dir='ltr' id='par_1_1' title="bbox 494 285 521 329">
     <span class='ocr_line' id='line_1_1' title="bbox 494 285 521 329; baseline 0 0"><span class='ocrx_word' id='word_1_1' title='bbox 494 285 521 329; x_wconf 92' lang='grc'><strong>17</strong></span> 
     </span>
    </p>
   </div>
   <div class='ocr_carea' id='block_1_2' title="bbox 71 402 934 2229">
    <p class='ocr_par' dir='ltr' id='par_1_2' title="bbox 71 402 934 2229">
     <span class='ocr_line' id='line_1_2' title="bbox 73 402 932 452; baseline -0.003 0"><span class='ocrx_word' id='word_1_2' title='bbox 73 403 278 452; x_wconf 82' lang='lat' dir='ltr'>Gerickxclaester</span> <span class='ocrx_word' id='word_1_3' title='bbox 288 404 296 426; x_wconf 86' lang='lat'>¹</span> <span class='ocrx_word' id='word_1_4' title='bbox 307 403 353 451; x_wconf 91' lang='lat' dir='ltr'>dici</span> <span class='ocrx_word' id='word_1_5' title='bbox 363 403 443 451; x_wconf 84' lang='lat' dir='ltr'>voluit.</span> <span class='ocrx_word' id='word_1_6' title='bbox 464 403 525 450; x_wconf 87' lang='lat' dir='ltr'>Hinc</span> <span class='ocrx_word' id='word_1_7' title='bbox 535 403 699 450; x_wconf 88' lang='lat' dir='ltr'>Gerbrandum</span> <span class='ocrx_word' id='word_1_8' title='bbox 710 402 818 450; x_wconf 83' lang='lat' dir='ltr'><strong>abbatem</strong></span> <span class='ocrx_word' id='word_1_9' title='bbox 829 405 852 449; x_wconf 90' lang='lat' dir='ltr'>in</span> <span class='ocrx_word' id='word_1_10' title='bbox 863 403 932 450; x_wconf 86' lang='lat' dir='ltr'>Luin-</span> 
     </span>
     <span class='ocr_line' id='line_1_3' title="bbox 73 463 932 522; baseline -0.003 -10"><span class='ocrx_word' id='word_1_11' title='bbox 73 465 146 512; x_wconf 85' lang='lat' dir='ltr'>kerka</span> <span class='ocrx_word' id='word_1_12' title='bbox 161 468 169 489; x_wconf 82' lang='lat'><strong>²</strong></span> <span class='ocrx_word' id='word_1_13' title='bbox 184 465 274 519; x_wconf 82' lang='lat' dir='ltr'>adiens,</span> <span class='ocrx_word' id='word_1_14' title='bbox 290 468 455 512; x_wconf 89' lang='lat' dir='ltr'>canonicorum</span> <span class='ocrx_word' id='word_1_15' title='bbox 470 465 612 522; x_wconf 69' lang='lat' dir='ltr'>regularium</span> <span class='ocrx_word' id='word_1_16' title='bbox 627 468 760 512; x_wconf 90' lang='lat' dir='ltr'>institutum</span> <span class='ocrx_word' id='word_1_17' title='bbox 774 467 870 521; x_wconf 80' lang='lat' dir='ltr'>expetit.</span> <span class='ocrx_word' id='word_1_18' title='bbox 888 463 932 510; x_wconf 89' lang='lat' dir='ltr'>Hic</span> 
     </span>
     <span class='ocr_line' id='line_1_4' title="bbox 73 523 932 582; baseline -0.003 -9"><span class='ocrx_word' id='word_1_19' title='bbox 73 527 172 573; x_wconf 91' lang='lat' dir='ltr'>hominis</span> <span class='ocrx_word' id='word_1_20' title='bbox 191 525 310 572; x_wconf 88' lang='lat' dir='ltr'>levitatem</span> <span class='ocrx_word' id='word_1_21' title='bbox 328 530 441 579; x_wconf 84' lang='lat' dir='ltr'>metuens,</span> <span class='ocrx_word' id='word_1_22' title='bbox 460 528 554 572; x_wconf 89' lang='lat' dir='ltr'>tametsi</span> <span class='ocrx_word' id='word_1_23' title='bbox 571 542 614 582; x_wconf 88' lang='lat' dir='ltr'>per</span> <span class='ocrx_word' id='word_1_24' title='bbox 632 528 711 572; x_wconf 90' lang='lat' dir='ltr'>omnia</span> <span class='ocrx_word' id='word_1_25' title='bbox 729 527 808 572; x_wconf 89' lang='lat' dir='ltr'>statim</span> <span class='ocrx_word' id='word_1_26' title='bbox 826 541 873 570; x_wconf 92' lang='lat' dir='ltr'>non</span> <span class='ocrx_word' id='word_1_27' title='bbox 891 523 932 570; x_wconf 92' lang='lat' dir='ltr'>ob·</span> 
     </span>
     <span class='ocr_line' id='line_1_5' title="bbox 74 584 933 645; baseline -0.003 -11"><span class='ocrx_word' id='word_1_28' title='bbox 74 592 217 645; x_wconf 78' lang='lat' dir='ltr'>sequeretur,</span> <span class='ocrx_word' id='word_1_29' title='bbox 232 586 318 632; x_wconf 87' lang='lat' dir='ltr'>additis</span> <span class='ocrx_word' id='word_1_30' title='bbox 332 589 453 644; x_wconf 88' lang='lat' dir='ltr'>promissis</span> <span class='ocrx_word' id='word_1_31' title='bbox 467 589 543 644; x_wconf 89' lang='lat' dir='ltr'>ipsum</span> <span class='ocrx_word' id='word_1_32' title='bbox 558 587 658 633; x_wconf 89' lang='lat' dir='ltr'>dimittit.</span> <span class='ocrx_word' id='word_1_33' title='bbox 672 587 729 633; x_wconf 89' lang='lat' dir='ltr'>Levi</span> <span class='ocrx_word' id='word_1_34' title='bbox 742 602 856 643; x_wconf 90' lang='lat' dir='ltr'>responso</span> <span class='ocrx_word' id='word_1_35' title='bbox 869 584 933 632; x_wconf 90' lang='lat' dir='ltr'>haud</span> 
     </span>
     <span class='ocr_line' id='line_1_6' title="bbox 73 647 932 706; baseline -0.002 -12"><span class='ocrx_word' id='word_1_36' title='bbox 73 653 203 702; x_wconf 83' lang='lat' dir='ltr'>contentus,</span> <span class='ocrx_word' id='word_1_37' title='bbox 215 651 292 706; x_wconf 91' lang='lat' dir='ltr'>ipsum</span> <span class='ocrx_word' id='word_1_38' title='bbox 303 651 470 705; x_wconf 69' lang='lat' dir='ltr'>tergiversatus</span> <span class='ocrx_word' id='word_1_39' title='bbox 483 648 662 705; x_wconf 87' lang='lat' dir='ltr'>Clarecampum</span> <span class='ocrx_word' id='word_1_40' title='bbox 673 647 823 706; x_wconf 91' lang='lat' dir='ltr'>postmodum</span> <span class='ocrx_word' id='word_1_41' title='bbox 834 647 932 693; x_wconf 89' lang='lat' dir='ltr'>accedit.</span> 
     </span>
     <span class='ocr_line' id='line_1_7' title="bbox 74 707 933 767; baseline -0.003 -12"><span class='ocrx_word' id='word_1_42' title='bbox 74 709 200 756; x_wconf 89' lang='lat' dir='ltr'>Sidachum</span> <span class='ocrx_word' id='word_1_43' title='bbox 210 709 320 756; x_wconf 77' lang='lat' dir='ltr'>abbatem</span> <span class='ocrx_word' id='word_1_44' title='bbox 330 709 425 756; x_wconf 77' lang='lat' dir='ltr'>salutati</span> <span class='ocrx_word' id='word_1_45' title='bbox 437 711 508 755; x_wconf 90' lang='lat' dir='ltr'>animi</span> <span class='ocrx_word' id='word_1_46' title='bbox 518 711 636 756; x_wconf 84' lang='lat' dir='ltr'>sententia</span> <span class='ocrx_word' id='word_1_47' title='bbox 647 709 765 767; x_wconf 87' lang='lat' dir='ltr'>explicata</span> <span class='ocrx_word' id='word_1_48' title='bbox 777 709 805 755; x_wconf 89' lang='lat' dir='ltr'>D.</span> <span class='ocrx_word' id='word_1_49' title='bbox 817 707 933 755; x_wconf 87' lang='lat' dir='ltr'>Bernardi</span> 
     </span>
     <span class='ocr_line' id='line_1_8' title="bbox 73 768 932 827; baseline -0.003 -11"><span class='ocrx_word' id='word_1_50' title='bbox 73 772 205 816; x_wconf 90' lang='lat' dir='ltr'>institutum</span> <span class='ocrx_word' id='word_1_51' title='bbox 215 769 326 827; x_wconf 78' lang='lat' dir='ltr'>postulat,</span> <span class='ocrx_word' id='word_1_52' title='bbox 338 769 383 816; x_wconf 89' lang='lat' dir='ltr'>Hic</span> <span class='ocrx_word' id='word_1_53' title='bbox 393 769 497 827; x_wconf 87' lang='lat' dir='ltr'>prudens</span> <span class='ocrx_word' id='word_1_54' title='bbox 508 775 532 816; x_wconf 93' lang='lat' dir='ltr'>et</span> <span class='ocrx_word' id='word_1_55' title='bbox 542 770 615 824; x_wconf 85' lang='lat' dir='ltr'>vater,</span> <span class='ocrx_word' id='word_1_56' title='bbox 627 787 657 815; x_wconf 89' lang='lat' dir='ltr'>ex</span> <span class='ocrx_word' id='word_1_57' title='bbox 668 772 747 827; x_wconf 89' lang='lat' dir='ltr'>priore</span> <span class='ocrx_word' id='word_1_58' title='bbox 758 769 821 815; x_wconf 86' lang='lat' dir='ltr'>lacto</span> <span class='ocrx_word' id='word_1_59' title='bbox 833 768 932 815; x_wconf 88' lang='lat' dir='ltr'>hominis</span> 
     </span>
     <span class='ocr_line' id='line_1_9' title="bbox 73 830 932 888; baseline -0.002 -11"><span class='ocrx_word' id='word_1_60' title='bbox 73 830 226 877; x_wconf 88' lang='lat' dir='ltr'>mobilitatem</span> <span class='ocrx_word' id='word_1_61' title='bbox 250 831 407 884; x_wconf 76' lang='lat' dir='ltr'>considerans.</span> <span class='ocrx_word' id='word_1_62' title='bbox 432 833 509 888; x_wconf 91' lang='lat' dir='ltr'>ipsum</span> <span class='ocrx_word' id='word_1_63' title='bbox 525 833 602 888; x_wconf 85' lang='lat' dir='ltr'>rejicit</span> <span class='ocrx_word' id='word_1_64' title='bbox 617 848 661 877; x_wconf 89' lang='lat' dir='ltr'>nec</span> <span class='ocrx_word' id='word_1_65' title='bbox 677 831 785 885; x_wconf 79' lang='lat' dir='ltr'>admittit,</span> <span class='ocrx_word' id='word_1_66' title='bbox 803 830 874 876; x_wconf 78' lang='lat' dir='ltr'>facile</span> <span class='ocrx_word' id='word_1_67' title='bbox 897 831 932 875; x_wconf 90' lang='lat' dir='ltr'>rei</span> 
     </span>
     <span class='ocr_line' id='line_1_10' title="bbox 73 889 931 948; baseline -0.003 -11"><span class='ocrx_word' id='word_1_68' title='bbox 73 895 183 937; x_wconf 90' lang='lat' dir='ltr'>eventum</span> <span class='ocrx_word' id='word_1_69' title='bbox 193 895 328 948; x_wconf 86' lang='lat' dir='ltr'>expectans.</span> <span class='ocrx_word' id='word_1_70' title='bbox 339 890 445 936; x_wconf 89' lang='lat' dir='ltr'>Tandem</span> <span class='ocrx_word' id='word_1_71' title='bbox 456 889 577 947; x_wconf 87' lang='lat' dir='ltr'>Jelgerum</span> <span class='ocrx_word' id='word_1_72' title='bbox 587 892 652 947; x_wconf 80' lang='lat' dir='ltr'>petit,</span> <span class='ocrx_word' id='word_1_73' title='bbox 664 889 782 936; x_wconf 88' lang='lat' dir='ltr'>lachrimis</span> <span class='ocrx_word' id='word_1_74' title='bbox 794 889 914 936; x_wconf 88' lang='lat' dir='ltr'>obtestans</span> <span class='ocrx_word' id='word_1_75' title='bbox 926 905 931 934; x_wconf 77' lang='grc' dir='ltr'><strong><em>ε</em></strong></span> 
     </span>
     <span class='ocr_line' id='line_1_11' title="bbox 71 950 933 1009; baseline -0.001 -12"><span class='ocrx_word' id='word_1_76' title='bbox 71 951 141 997; x_wconf 90' lang='lat' dir='ltr'>modo</span> <span class='ocrx_word' id='word_1_77' title='bbox 153 954 226 1008; x_wconf 90' lang='lat' dir='ltr'>ipsius</span> <span class='ocrx_word' id='word_1_78' title='bbox 239 951 337 997; x_wconf 90' lang='lat' dir='ltr'>tutelam</span> <span class='ocrx_word' id='word_1_79' title='bbox 349 953 462 1008; x_wconf 87' lang='lat' dir='ltr'>suscipiat</span> <span class='ocrx_word' id='word_1_80' title='bbox 475 969 500 997; x_wconf 94' lang='lat' dir='ltr'>se</span> <span class='ocrx_word' id='word_1_81' title='bbox 513 969 602 1009; x_wconf 87' lang='lat' dir='ltr'>suaque</span> <span class='ocrx_word' id='word_1_82' title='bbox 615 954 693 997; x_wconf 91' lang='lat' dir='ltr'>omnia</span> <span class='ocrx_word' id='word_1_83' title='bbox 706 968 748 998; x_wconf 90' lang='lat' dir='ltr'>suo</span> <span class='ocrx_word' id='word_1_84' title='bbox 761 950 868 1008; x_wconf 86' lang='lat' dir='ltr'>subjecta</span> <span class='ocrx_word' id='word_1_85' title='bbox 881 951 933 997; x_wconf 89' lang='lat' dir='ltr'>lore</span> 
     </span>
     <span class='ocr_line' id='line_1_12' title="bbox 74 1011 932 1070; baseline -0.001 -12"><span class='ocrx_word' id='word_1_86' title='bbox 74 1015 171 1069; x_wconf 87' lang='lat' dir='ltr'>imperio</span> <span class='ocrx_word' id='word_1_87' title='bbox 181 1013 316 1070; x_wconf 89' lang='lat' dir='ltr'>ordinisque</span> <span class='ocrx_word' id='word_1_88' title='bbox 327 1015 439 1059; x_wconf 90' lang='lat' dir='ltr'>instituto.</span> <span class='ocrx_word' id='word_1_89' title='bbox 450 1013 530 1060; x_wconf 90' lang='lat' dir='ltr'>Motus</span> <span class='ocrx_word' id='word_1_90' title='bbox 541 1012 651 1059; x_wconf 90' lang='lat' dir='ltr'>simulata</span> <span class='ocrx_word' id='word_1_91' title='bbox 661 1012 705 1059; x_wconf 89' lang='lat' dir='ltr'>hac</span> <span class='ocrx_word' id='word_1_92' title='bbox 715 1015 810 1070; x_wconf 78' lang='lat' dir='ltr'>pietate,</span> <span class='ocrx_word' id='word_1_93' title='bbox 823 1011 932 1069; x_wconf 85' lang='lat' dir='ltr'>Jelgerus</span> 
     </span>
     <span class='ocr_line' id='line_1_13' title="bbox 71 1072 932 1131; baseline -0.001 -13"><span class='ocrx_word' id='word_1_94' title='bbox 71 1072 156 1119; x_wconf 85' lang='lat' dir='ltr'>Getico</span> <span class='ocrx_word' id='word_1_95' title='bbox 178 1074 237 1119; x_wconf 87' lang='lat' dir='ltr'>duos</span> <span class='ocrx_word' id='word_1_96' title='bbox 258 1073 343 1119; x_wconf 84' lang='lat' dir='ltr'>tratres</span> <span class='ocrx_word' id='word_1_97' title='bbox 358 1073 424 1120; x_wconf 83' lang='lat' dir='ltr'>addit</span> <span class='ocrx_word' id='word_1_98' title='bbox 437 1075 540 1128; x_wconf 85' lang='lat' dir='ltr'>comites,</span> <span class='ocrx_word' id='word_1_99' title='bbox 555 1073 694 1130; x_wconf 89' lang='lat' dir='ltr'>Rippertum</span> <span class='ocrx_word' id='word_1_100' title='bbox 708 1075 816 1130; x_wconf 82' lang='lat' dir='ltr'>priorem,</span> <span class='ocrx_word' id='word_1_101' title='bbox 831 1073 859 1131; x_wconf 85' lang='lat' dir='ltr'>a)</span> <span class='ocrx_word' id='word_1_102' title='bbox 873 1072 932 1118; x_wconf 91' lang='lat' dir='ltr'>Ger·</span> 
     </span>
     <span class='ocr_line' id='line_1_14' title="bbox 73 1133 932 1191; baseline -0.001 -12"><span class='ocrx_word' id='word_1_103' title='bbox 73 1134 166 1180; x_wconf 91' lang='lat' dir='ltr'>roldum</span> <span class='ocrx_word' id='word_1_104' title='bbox 178 1133 329 1188; x_wconf 83' lang='lat' dir='ltr'>sacellanum,</span> <span class='ocrx_word' id='word_1_105' title='bbox 342 1151 442 1191; x_wconf 90' lang='lat' dir='ltr'>quorum</span> <span class='ocrx_word' id='word_1_106' title='bbox 454 1151 527 1191; x_wconf 90' lang='lat' dir='ltr'>opera</span> <span class='ocrx_word' id='word_1_107' title='bbox 539 1133 657 1190; x_wconf 71' lang='lat' dir='ltr'>religionis</span> <span class='ocrx_word' id='word_1_108' title='bbox 671 1151 753 1180; x_wconf 90' lang='lat' dir='ltr'>cursus</span> <span class='ocrx_word' id='word_1_109' title='bbox 767 1134 866 1179; x_wconf 82' lang='lat' dir='ltr'>feliciter</span> <span class='ocrx_word' id='word_1_110' title='bbox 880 1149 932 1180; x_wconf 90' lang='lat' dir='ltr'>suc-</span> 
     </span>
     <span class='ocr_line' id='line_1_15' title="bbox 73 1194 932 1241; baseline -0.001 0"><span class='ocrx_word' id='word_1_111' title='bbox 73 1195 174 1241; x_wconf 76' lang='lat' dir='ltr'>cederet,</span> <span class='ocrx_word' id='word_1_112' title='bbox 186 1195 220 1241; x_wconf 89' lang='lat' dir='ltr'>Eo</span> <span class='ocrx_word' id='word_1_113' title='bbox 232 1195 295 1241; x_wconf 88' lang='lat' dir='ltr'>lacto</span> <span class='ocrx_word' id='word_1_114' title='bbox 307 1198 330 1241; x_wconf 91' lang='lat' dir='ltr'>in</span> <span class='ocrx_word' id='word_1_115' title='bbox 342 1194 520 1241; x_wconf 86' lang='lat' dir='ltr'>Gerkscloester</span> <span class='ocrx_word' id='word_1_116' title='bbox 532 1195 620 1241; x_wconf 88' lang='lat' dir='ltr'>ordinis</span> <span class='ocrx_word' id='word_1_117' title='bbox 632 1195 702 1241; x_wconf 90' lang='lat' dir='ltr'>modo</span> <span class='ocrx_word' id='word_1_118' title='bbox 714 1196 932 1241; x_wconf 89' lang='lat' dir='ltr'>Praemonstraten·</span> 
     </span>
     <span class='ocr_line' id='line_1_16' title="bbox 74 1256 932 1314; baseline -0.001 -12"><span class='ocrx_word' id='word_1_119' title='bbox 74 1259 106 1302; x_wconf 91' lang='lat' dir='ltr'>sis</span> <span class='ocrx_word' id='word_1_120' title='bbox 123 1273 248 1303; x_wconf 89' lang='lat' dir='ltr'>numerosa</span> <span class='ocrx_word' id='word_1_121' title='bbox 264 1257 389 1303; x_wconf 88' lang='lat' dir='ltr'>multitudo</span> <span class='ocrx_word' id='word_1_122' title='bbox 406 1256 505 1302; x_wconf 84' lang='lat' dir='ltr'>conlluit</span> <span class='ocrx_word' id='word_1_123' title='bbox 522 1257 553 1302; x_wconf 90' lang='lat' dir='ltr'>ad</span> <span class='ocrx_word' id='word_1_124' title='bbox 570 1273 656 1302; x_wconf 88' lang='lat' dir='ltr'>novum</span> <span class='ocrx_word' id='word_1_125' title='bbox 673 1262 696 1302; x_wconf 94' lang='lat' dir='ltr'>et</span> <span class='ocrx_word' id='word_1_126' title='bbox 713 1259 777 1314; x_wconf 90' lang='lat' dir='ltr'>pium</span> <span class='ocrx_word' id='word_1_127' title='bbox 794 1258 932 1302; x_wconf 77' lang='lat' dir='ltr'>institutum,</span> 
     </span>
     <span class='ocr_line' id='line_1_17' title="bbox 74 1316 932 1377; baseline 0.001 -15"><span class='ocrx_word' id='word_1_128' title='bbox 74 1318 136 1364; x_wconf 85' lang='lat' dir='ltr'>Miro</span> <span class='ocrx_word' id='word_1_129' title='bbox 148 1320 242 1375; x_wconf 90' lang='lat' dir='ltr'>pietatis</span> <span class='ocrx_word' id='word_1_130' title='bbox 254 1318 332 1364; x_wconf 88' lang='lat' dir='ltr'>studio</span> <span class='ocrx_word' id='word_1_131' title='bbox 344 1318 436 1364; x_wconf 85' lang='lat' dir='ltr'>fervent</span> <span class='ocrx_word' id='word_1_132' title='bbox 448 1320 532 1364; x_wconf 90' lang='lat' dir='ltr'>omnia.</span> <span class='ocrx_word' id='word_1_133' title='bbox 546 1318 573 1377; x_wconf 91' lang='lat' dir='ltr'>b)</span> <span class='ocrx_word' id='word_1_134' title='bbox 585 1316 700 1364; x_wconf 88' lang='lat' dir='ltr'>Sidachus</span> <span class='ocrx_word' id='word_1_135' title='bbox 713 1317 785 1364; x_wconf 86' lang='lat' dir='ltr'>abbas</span> <span class='ocrx_word' id='word_1_136' title='bbox 799 1316 932 1363; x_wconf 89' lang='lat' dir='ltr'>Clarecam·</span> 
     </span>
     <span class='ocr_line' id='line_1_18' title="bbox 74 1376 931 1435; baseline 0 -12"><span class='ocrx_word' id='word_1_137' title='bbox 74 1380 160 1435; x_wconf 88' lang='lat' dir='ltr'>pensis,</span> <span class='ocrx_word' id='word_1_138' title='bbox 181 1380 293 1424; x_wconf 87' lang='lat' dir='ltr'>instinctu</span> <span class='ocrx_word' id='word_1_139' title='bbox 312 1377 426 1424; x_wconf 88' lang='lat' dir='ltr'>Vibrandi</span> <span class='ocrx_word' id='word_1_140' title='bbox 446 1378 568 1424; x_wconf 88' lang='lat' dir='ltr'>cuiusdam</span> <span class='ocrx_word' id='word_1_141' title='bbox 589 1377 672 1423; x_wconf 89' lang='lat' dir='ltr'>decani</span> <span class='ocrx_word' id='word_1_142' title='bbox 692 1380 716 1423; x_wconf 91' lang='lat' dir='ltr'>in</span> <span class='ocrx_word' id='word_1_143' title='bbox 737 1376 872 1434; x_wconf 85' lang='lat' dir='ltr'>Oestergoe,</span> <span class='ocrx_word' id='word_1_144' title='bbox 894 1393 931 1423; x_wconf 91' lang='lat' dir='ltr'>sa-</span> 
     </span>
     <span class='ocr_line' id='line_1_19' title="bbox 74 1438 932 1496; baseline 0 -12"><span class='ocrx_word' id='word_1_145' title='bbox 74 1441 166 1496; x_wconf 90' lang='lat' dir='ltr'>crisque</span> <span class='ocrx_word' id='word_1_146' title='bbox 183 1439 212 1485; x_wconf 83' lang='lat' dir='ltr'>D,</span> <span class='ocrx_word' id='word_1_147' title='bbox 231 1438 346 1485; x_wconf 89' lang='lat' dir='ltr'>Bernardi</span> <span class='ocrx_word' id='word_1_148' title='bbox 363 1441 454 1492; x_wconf 82' lang='lat' dir='ltr'>initiati,</span> <span class='ocrx_word' id='word_1_149' title='bbox 473 1456 523 1484; x_wconf 88' lang='lat' dir='ltr'>rem</span> <span class='ocrx_word' id='word_1_150' title='bbox 541 1439 611 1484; x_wconf 91' lang='lat' dir='ltr'>altius</span> <span class='ocrx_word' id='word_1_151' title='bbox 630 1438 808 1496; x_wconf 82' lang='lat' dir='ltr'>contemplatus.</span> <span class='ocrx_word' id='word_1_152' title='bbox 828 1438 932 1484; x_wconf 90' lang='lat' dir='ltr'>oblatam</span> 
     </span>
     <span class='ocr_line' id='line_1_20' title="bbox 73 1499 933 1557; baseline -0.001 -12"><span class='ocrx_word' id='word_1_153' title='bbox 73 1500 192 1557; x_wconf 88' lang='lat' dir='ltr'>quondam</span> <span class='ocrx_word' id='word_1_154' title='bbox 201 1517 215 1546; x_wconf 91' lang='lat' dir='ltr'>a</span> <span class='ocrx_word' id='word_1_155' title='bbox 224 1499 309 1545; x_wconf 86' lang='lat' dir='ltr'>Gerico</span> <span class='ocrx_word' id='word_1_156' title='bbox 319 1502 463 1557; x_wconf 90' lang='lat' dir='ltr'>provinciam</span> <span class='ocrx_word' id='word_1_157' title='bbox 471 1503 564 1557; x_wconf 85' lang='lat' dir='ltr'>repetit.</span> <span class='ocrx_word' id='word_1_158' title='bbox 583 1500 657 1545; x_wconf 89' lang='lat' dir='ltr'>Misso</span> <span class='ocrx_word' id='word_1_159' title='bbox 667 1500 854 1546; x_wconf 85' lang='lat' dir='ltr'>Monasterium³</span> <span class='ocrx_word' id='word_1_160' title='bbox 864 1499 933 1546; x_wconf 90' lang='lat' dir='ltr'>Vest-</span> 
     </span>
     <span class='ocr_line' id='line_1_21' title="bbox 74 1560 932 1619; baseline 0 -13"><span class='ocrx_word' id='word_1_161' title='bbox 74 1560 168 1618; x_wconf 87' lang='lat' dir='ltr'>phaliae</span> <span class='ocrx_word' id='word_1_162' title='bbox 185 1563 276 1614; x_wconf 78' lang='lat' dir='ltr'>nuncio.</span> <span class='ocrx_word' id='word_1_163' title='bbox 295 1560 375 1607; x_wconf 88' lang='lat' dir='ltr'>literas</span> <span class='ocrx_word' id='word_1_164' title='bbox 394 1560 423 1607; x_wconf 90' lang='lat' dir='ltr'>ab</span> <span class='ocrx_word' id='word_1_165' title='bbox 441 1563 553 1618; x_wconf 90' lang='lat' dir='ltr'>episcopo</span> <span class='ocrx_word' id='word_1_166' title='bbox 570 1562 687 1618; x_wconf 78' lang='lat' dir='ltr'>impetrat,</span> <span class='ocrx_word' id='word_1_167' title='bbox 706 1560 789 1619; x_wconf 87' lang='lat' dir='ltr'>quibus</span> <span class='ocrx_word' id='word_1_168' title='bbox 807 1578 876 1607; x_wconf 89' lang='lat' dir='ltr'>omne</span> <span class='ocrx_word' id='word_1_169' title='bbox 895 1563 932 1619; x_wconf 84' lang='lat' dir='ltr'>jus</span> 
     </span>
     <span class='ocr_line' id='line_1_22' title="bbox 74 1621 933 1679; baseline -0.001 -11"><span class='ocrx_word' id='word_1_170' title='bbox 74 1625 209 1668; x_wconf 88' lang='lat' dir='ltr'>monasterii</span> <span class='ocrx_word' id='word_1_171' title='bbox 221 1624 281 1676; x_wconf 82' lang='lat' dir='ltr'>novi,</span> <span class='ocrx_word' id='word_1_172' title='bbox 295 1624 340 1679; x_wconf 90' lang='lat' dir='ltr'>ipsi</span> <span class='ocrx_word' id='word_1_173' title='bbox 352 1621 472 1679; x_wconf 93' lang='lat' dir='ltr'>quondam</span> <span class='ocrx_word' id='word_1_174' title='bbox 484 1624 635 1679; x_wconf 85' lang='lat' dir='ltr'>praesentati,</span> <span class='ocrx_word' id='word_1_175' title='bbox 648 1622 801 1668; x_wconf 86' lang='lat' dir='ltr'>conterretur.</span> <span class='ocrx_word' id='word_1_176' title='bbox 815 1622 896 1669; x_wconf 83' lang='lat' dir='ltr'>Abbas</span> <span class='ocrx_word' id='word_1_177' title='bbox 909 1624 933 1667; x_wconf 93' lang='lat' dir='ltr'>in</span> 
     </span>
     <span class='ocr_line' id='line_1_23' title="bbox 74 1682 933 1740; baseline 0.002 -12"><span class='ocrx_word' id='word_1_178' title='bbox 74 1683 244 1740; x_wconf 78' lang='lat' dir='ltr'>Ludingkerka,</span> <span class='ocrx_word' id='word_1_179' title='bbox 259 1683 379 1729; x_wconf 90' lang='lat' dir='ltr'>intellecta</span> <span class='ocrx_word' id='word_1_180' title='bbox 392 1700 419 1729; x_wconf 88' lang='lat' dir='ltr'>re</span> <span class='ocrx_word' id='word_1_181' title='bbox 432 1683 462 1729; x_wconf 93' lang='lat' dir='ltr'>de</span> <span class='ocrx_word' id='word_1_182' title='bbox 475 1682 554 1729; x_wconf 89' lang='lat' dir='ltr'>Gerici</span> <span class='ocrx_word' id='word_1_183' title='bbox 567 1683 598 1728; x_wconf 92' lang='lat' dir='ltr'>ad</span> <span class='ocrx_word' id='word_1_184' title='bbox 613 1682 734 1739; x_wconf 86' lang='lat' dir='ltr'>Jelgerum</span> <span class='ocrx_word' id='word_1_185' title='bbox 747 1700 849 1737; x_wconf 81' lang='lat' dir='ltr'>accessu.</span> <span class='ocrx_word' id='word_1_186' title='bbox 865 1700 933 1730; x_wconf 88' lang='lat' dir='ltr'>omne</span> 
     </span>
     <span class='ocr_line' id='line_1_24' title="bbox 72 1743 933 1802; baseline 0 -12"><span class='ocrx_word' id='word_1_187' title='bbox 72 1746 116 1801; x_wconf 87' lang='lat' dir='ltr'>jus,</span> <span class='ocrx_word' id='word_1_188' title='bbox 129 1747 175 1802; x_wconf 92' lang='lat' dir='ltr'>ipsi</span> <span class='ocrx_word' id='word_1_189' title='bbox 187 1747 210 1790; x_wconf 90' lang='lat' dir='ltr'>in</span> <span class='ocrx_word' id='word_1_190' title='bbox 223 1743 282 1790; x_wconf 90' lang='lat' dir='ltr'>illud</span> <span class='ocrx_word' id='word_1_191' title='bbox 294 1749 436 1802; x_wconf 75' lang='lat' dir='ltr'>competens.</span> <span class='ocrx_word' id='word_1_192' title='bbox 450 1743 546 1801; x_wconf 85' lang='lat' dir='ltr'>Jelgero</span> <span class='ocrx_word' id='word_1_193' title='bbox 559 1743 620 1791; x_wconf 90' lang='lat' dir='ltr'>datis</span> <span class='ocrx_word' id='word_1_194' title='bbox 634 1746 779 1801; x_wconf 86' lang='lat' dir='ltr'>signatisque</span> <span class='ocrx_word' id='word_1_195' title='bbox 791 1744 864 1791; x_wconf 88' lang='lat' dir='ltr'>literis</span> <span class='ocrx_word' id='word_1_196' title='bbox 878 1761 933 1791; x_wconf 91' lang='lat' dir='ltr'>con·</span> 
     </span>
     <span class='ocr_line' id='line_1_25' title="bbox 74 1805 932 1860; baseline 0.001 -9"><span class='ocrx_word' id='word_1_197' title='bbox 74 1811 184 1852; x_wconf 88' lang='lat' dir='ltr'>cesserat.</span> <span class='ocrx_word' id='word_1_198' title='bbox 221 1805 335 1852; x_wconf 89' lang='lat' dir='ltr'>Sidachus</span> <span class='ocrx_word' id='word_1_199' title='bbox 354 1823 397 1852; x_wconf 89' lang='lat' dir='ltr'>sua</span> <span class='ocrx_word' id='word_1_200' title='bbox 415 1805 545 1852; x_wconf 87' lang='lat' dir='ltr'>calliditate</span> <span class='ocrx_word' id='word_1_201' title='bbox 564 1805 645 1860; x_wconf 79' lang='lat' dir='ltr'>fretus,</span> <span class='ocrx_word' id='word_1_202' title='bbox 665 1805 776 1852; x_wconf 82' lang='lat' dir='ltr'>Geticum</span> <span class='ocrx_word' id='word_1_203' title='bbox 794 1823 932 1853; x_wconf 91' lang='lat' dir='ltr'>conversum</span> 
     </span>
     <span class='ocr_line' id='line_1_26' title="bbox 71 1864 933 1923; baseline 0.001 -12"><span class='ocrx_word' id='word_1_204' title='bbox 71 1865 132 1911; x_wconf 90' lang='lat' dir='ltr'>clam</span> <span class='ocrx_word' id='word_1_205' title='bbox 141 1867 245 1919; x_wconf 79' lang='lat' dir='ltr'>accessit.</span> <span class='ocrx_word' id='word_1_206' title='bbox 255 1882 326 1922; x_wconf 90' lang='lat' dir='ltr'>quem</span> <span class='ocrx_word' id='word_1_207' title='bbox 333 1868 415 1922; x_wconf 84' lang='lat' dir='ltr'>quovis</span> <span class='ocrx_word' id='word_1_208' title='bbox 424 1870 494 1911; x_wconf 90' lang='lat' dir='ltr'>vento</span> <span class='ocrx_word' id='word_1_209' title='bbox 503 1864 614 1911; x_wconf 87' lang='lat' dir='ltr'>leviorem</span> <span class='ocrx_word' id='word_1_210' title='bbox 623 1864 694 1922; x_wconf 89' lang='lat' dir='ltr'>largis</span> <span class='ocrx_word' id='word_1_211' title='bbox 704 1866 896 1923; x_wconf 89' lang='lat' dir='ltr'>promissionibus</span> <span class='ocrx_word' id='word_1_212' title='bbox 904 1882 933 1911; x_wconf 88' lang='lat' dir='ltr'>eo</span> 
     </span>
     <span class='ocr_line' id='line_1_27' title="bbox 74 1925 934 1985; baseline 0.001 -13"><span class='ocrx_word' id='word_1_213' title='bbox 74 1927 191 1983; x_wconf 79' lang='lat' dir='ltr'>perduxit.</span> <span class='ocrx_word' id='word_1_214' title='bbox 205 1932 230 1973; x_wconf 90' lang='lat' dir='ltr'>ut</span> <span class='ocrx_word' id='word_1_215' title='bbox 243 1931 368 1983; x_wconf 86' lang='lat' dir='ltr'>praesente</span> <span class='ocrx_word' id='word_1_216' title='bbox 381 1925 468 1972; x_wconf 89' lang='lat' dir='ltr'>Christi</span> <span class='ocrx_word' id='word_1_217' title='bbox 481 1942 580 1983; x_wconf 90' lang='lat' dir='ltr'>corpore</span> <span class='ocrx_word' id='word_1_218' title='bbox 593 1928 616 1971; x_wconf 93' lang='lat' dir='ltr'>in</span> <span class='ocrx_word' id='word_1_219' title='bbox 630 1926 730 1972; x_wconf 89' lang='lat' dir='ltr'>ecclesia</span> <span class='ocrx_word' id='word_1_220' title='bbox 743 1926 835 1983; x_wconf 91' lang='lat' dir='ltr'>publice</span> <span class='ocrx_word' id='word_1_221' title='bbox 850 1929 934 1985; x_wconf 84' lang='lat' dir='ltr'>jurarit</span> 
     </span>
     <span class='ocr_line' id='line_1_28' title="bbox 74 1986 933 2046; baseline 0 -13"><span class='ocrx_word' id='word_1_222' title='bbox 74 1990 97 2033; x_wconf 93' lang='lat' dir='ltr'>in</span> <span class='ocrx_word' id='word_1_223' title='bbox 107 1988 212 2045; x_wconf 79' lang='lat' dir='ltr'>regulam</span> <span class='ocrx_word' id='word_1_224' title='bbox 222 1992 245 2034; x_wconf 94' lang='lat' dir='ltr'>et</span> <span class='ocrx_word' id='word_1_225' title='bbox 255 1989 387 2034; x_wconf 89' lang='lat' dir='ltr'>institutum</span> <span class='ocrx_word' id='word_1_226' title='bbox 396 1986 424 2033; x_wconf 74' lang='lat' dir='ltr'>D,</span> <span class='ocrx_word' id='word_1_227' title='bbox 433 1987 555 2034; x_wconf 89' lang='lat' dir='ltr'>Bernardi.</span> <span class='ocrx_word' id='word_1_228' title='bbox 565 2015 596 2023; x_wconf 90' lang='lat'>-</span> <span class='ocrx_word' id='word_1_229' title='bbox 606 1986 708 2045; x_wconf 86' lang='lat' dir='ltr'>Contigit</span> <span class='ocrx_word' id='word_1_230' title='bbox 718 2004 747 2035; x_wconf 89' lang='lat' dir='ltr'>eo</span> <span class='ocrx_word' id='word_1_231' title='bbox 757 1992 863 2046; x_wconf 90' lang='lat' dir='ltr'>tempore</span> <span class='ocrx_word' id='word_1_232' title='bbox 873 1991 933 2035; x_wconf 90' lang='lat' dir='ltr'>mori</span> 
     </span>
     <span class='ocr_line' id='line_1_29' title="bbox 74 2047 932 2106; baseline -0.001 -12"><span class='ocrx_word' id='word_1_233' title='bbox 74 2048 183 2094; x_wconf 89' lang='lat' dir='ltr'>abbatem</span> <span class='ocrx_word' id='word_1_234' title='bbox 195 2047 365 2094; x_wconf 87' lang='lat' dir='ltr'>Belbocensem</span> <span class='ocrx_word' id='word_1_235' title='bbox 378 2047 495 2093; x_wconf 89' lang='lat' dir='ltr'>Ottonem.</span> <span class='ocrx_word' id='word_1_236' title='bbox 521 2047 625 2103; x_wconf 89' lang='lat' dir='ltr'>Vocatus</span> <span class='ocrx_word' id='word_1_237' title='bbox 639 2047 747 2105; x_wconf 89' lang='lat' dir='ltr'>Jelgerus</span> <span class='ocrx_word' id='word_1_238' title='bbox 761 2065 789 2094; x_wconf 91' lang='lat' dir='ltr'>eo</span> <span class='ocrx_word' id='word_1_239' title='bbox 803 2049 932 2106; x_wconf 87' lang='lat' dir='ltr'>proticisci·</span> 
     </span>
     <span class='ocr_line' id='line_1_30' title="bbox 71 2108 932 2166; baseline 0.002 -11"><span class='ocrx_word' id='word_1_240' title='bbox 71 2114 116 2156; x_wconf 86' lang='lat' dir='ltr'>tur.</span> <span class='ocrx_word' id='word_1_241' title='bbox 129 2109 242 2156; x_wconf 88' lang='lat' dir='ltr'>Omnibus</span> <span class='ocrx_word' id='word_1_242' title='bbox 255 2109 374 2166; x_wconf 85' lang='lat' dir='ltr'>dispositis</span> <span class='ocrx_word' id='word_1_243' title='bbox 387 2108 495 2155; x_wconf 88' lang='lat' dir='ltr'>abbatem</span> <span class='ocrx_word' id='word_1_244' title='bbox 507 2108 649 2166; x_wconf 86' lang='lat' dir='ltr'>Sigebodum</span> <span class='ocrx_word' id='word_1_245' title='bbox 661 2109 786 2156; x_wconf 88' lang='lat' dir='ltr'>substituit.</span> <span class='ocrx_word' id='word_1_246' title='bbox 811 2109 872 2156; x_wconf 87' lang='lat' dir='ltr'>Hinc</span> <span class='ocrx_word' id='word_1_247' title='bbox 884 2127 932 2157; x_wconf 91' lang='lat' dir='ltr'>mo-</span> 
     </span>
     <span class='ocr_line' id='line_1_31' title="bbox 71 2169 932 2229; baseline 0 -12"><span class='ocrx_word' id='word_1_248' title='bbox 71 2173 199 2217; x_wconf 90' lang='lat' dir='ltr'>nasterium</span> <span class='ocrx_word' id='word_1_249' title='bbox 209 2172 324 2227; x_wconf 86' lang='lat' dir='ltr'>virginum</span> <span class='ocrx_word' id='word_1_250' title='bbox 333 2173 356 2216; x_wconf 91' lang='lat' dir='ltr'>in</span> <span class='ocrx_word' id='word_1_251' title='bbox 366 2169 434 2217; x_wconf 89' lang='lat' dir='ltr'>Rubo</span> <span class='ocrx_word' id='word_1_252' title='bbox 444 2170 565 2225; x_wconf 74' lang='lat' dir='ltr'>accedens,</span> <span class='ocrx_word' id='word_1_253' title='bbox 577 2169 664 2216; x_wconf 88' lang='lat' dir='ltr'>salutat</span> <span class='ocrx_word' id='word_1_254' title='bbox 675 2188 762 2225; x_wconf 74' lang='lat' dir='ltr'>omnes.</span> <span class='ocrx_word' id='word_1_255' title='bbox 774 2188 814 2217; x_wconf 91' lang='lat' dir='ltr'>eas</span> <span class='ocrx_word' id='word_1_256' title='bbox 825 2172 932 2229; x_wconf 85' lang='lat' dir='ltr'>praeser-</span> 
     </span>
    </p>
   </div>
   <div class='ocr_carea' id='block_1_3' title="bbox 35 2464 933 2852">
    <p class='ocr_par' dir='ltr' id='par_1_3' title="bbox 97 2464 847 2508">
     <span class='ocr_line' id='line_1_32' title="bbox 97 2464 847 2508; baseline 0.005 -7"><span class='ocrx_word' id='word_1_257' title='bbox 97 2464 117 2507; x_wconf 86' lang='lat' dir='ltr'>a)</span> <span class='ocrx_word' id='word_1_258' title='bbox 142 2464 271 2508; x_wconf 84' lang='lat' dir='ltr'>Jeiderdum;</span> <span class='ocrx_word' id='word_1_259' title='bbox 845 2501 847 2505; x_wconf 80' lang='grc'>,</span> 
     </span>
    </p>

    <p class='ocr_par' dir='ltr' id='par_1_4' title="bbox 35 2514 933 2852">
     <span class='ocr_line' id='line_1_33' title="bbox 98 2514 932 2558; baseline 0.001 -7"><span class='ocrx_word' id='word_1_260' title='bbox 98 2514 119 2555; x_wconf 82' lang='lat' dir='ltr'>b)</span> <span class='ocrx_word' id='word_1_261' title='bbox 145 2514 271 2551; x_wconf 82' lang='lat' dir='ltr'>Gerbrandns</span> <span class='ocrx_word' id='word_1_262' title='bbox 286 2514 347 2550; x_wconf 82' lang='lat' dir='ltr'>abbas</span> <span class='ocrx_word' id='word_1_263' title='bbox 363 2514 427 2551; x_wconf 77' lang='lat' dir='ltr'>cenci</span> <span class='ocrx_word' id='word_1_264' title='bbox 443 2523 467 2550; x_wconf 85' lang='lat' dir='ltr'>ex</span> <span class='ocrx_word' id='word_1_265' title='bbox 483 2514 547 2557; x_wconf 83' lang='lat' dir='ltr'>primo</span> <span class='ocrx_word' id='word_1_266' title='bbox 562 2523 642 2550; x_wconf 84' lang='lat' dir='ltr'>accessu</span> <span class='ocrx_word' id='word_1_267' title='bbox 657 2514 687 2551; x_wconf 87' lang='lat' dir='ltr'>ius</span> <span class='ocrx_word' id='word_1_268' title='bbox 702 2523 761 2551; x_wconf 84' lang='lat' dir='ltr'>omne</span> <span class='ocrx_word' id='word_1_269' title='bbox 776 2514 858 2558; x_wconf 76' lang='lat' dir='ltr'>Jelgero</span> <span class='ocrx_word' id='word_1_270' title='bbox 873 2515 932 2552; x_wconf 82' lang='lat' dir='ltr'>tacite</span> 
     </span>
     <span class='ocr_line' id='line_1_34' title="bbox 74 2563 932 2607; baseline 0.001 -8"><span class='ocrx_word' id='word_1_271' title='bbox 74 2564 170 2600; x_wconf 83' lang='lat' dir='ltr'>concedit.</span> <span class='ocrx_word' id='word_1_272' title='bbox 188 2563 289 2606; x_wconf 78' lang='lat' dir='ltr'>sydacnns</span> <span class='ocrx_word' id='word_1_273' title='bbox 306 2573 353 2599; x_wconf 81' lang='lat' dir='ltr'>vero</span> <span class='ocrx_word' id='word_1_274' title='bbox 370 2563 479 2606; x_wconf 83' lang='lat' dir='ltr'>instigante</span> <span class='ocrx_word' id='word_1_275' title='bbox 497 2564 582 2605; x_wconf 83' lang='lat' dir='ltr'>quodam</span> <span class='ocrx_word' id='word_1_276' title='bbox 601 2564 700 2600; x_wconf 80' lang='lat' dir='ltr'>Vibrando</span> <span class='ocrx_word' id='word_1_277' title='bbox 718 2564 738 2600; x_wconf 87' lang='lat' dir='ltr'>in</span> <span class='ocrx_word' id='word_1_278' title='bbox 757 2564 869 2607; x_wconf 81' lang='lat' dir='ltr'>Oestergoa</span> <span class='ocrx_word' id='word_1_279' title='bbox 886 2566 932 2601; x_wconf 84' lang='lat' dir='ltr'>ante</span> 
     </span>
     <span class='ocr_line' id='line_1_35' title="bbox 74 2612 932 2657; baseline 0.002 -9"><span class='ocrx_word' id='word_1_280' title='bbox 74 2612 184 2655; x_wconf 81' lang='lat' dir='ltr'>ingressum</span> <span class='ocrx_word' id='word_1_281' title='bbox 206 2612 348 2649; x_wconf 84' lang='lat' dir='ltr'>monasterium</span> <span class='ocrx_word' id='word_1_282' title='bbox 370 2613 445 2649; x_wconf 80' lang='lat' dir='ltr'>decano</span> <span class='ocrx_word' id='word_1_283' title='bbox 468 2612 556 2649; x_wconf 82' lang='lat' dir='ltr'>oblatam</span> <span class='ocrx_word' id='word_1_284' title='bbox 578 2613 677 2655; x_wconf 82' lang='lat' dir='ltr'>qnondam</span> <span class='ocrx_word' id='word_1_285' title='bbox 694 2624 706 2650; x_wconf 87' lang='lat' dir='ltr'>a</span> <span class='ocrx_word' id='word_1_286' title='bbox 723 2613 794 2651; x_wconf 76' lang='lat' dir='ltr'>Getico</span> <span class='ocrx_word' id='word_1_287' title='bbox 811 2615 932 2657; x_wconf 79' lang='lat' dir='ltr'>provinciam</span> 
     </span>
     <span class='ocr_line' id='line_1_36' title="bbox 74 2660 933 2704; baseline 0.002 -8"><span class='ocrx_word' id='word_1_288' title='bbox 74 2661 152 2704; x_wconf 83' lang='lat' dir='ltr'>repetit.</span> <span class='ocrx_word' id='word_1_289' title='bbox 169 2660 231 2697; x_wconf 89' lang='lat' dir='ltr'>Misso</span> <span class='ocrx_word' id='word_1_290' title='bbox 248 2660 298 2696; x_wconf 86' lang='lat' dir='ltr'>ciam</span> <span class='ocrx_word' id='word_1_291' title='bbox 315 2661 386 2697; x_wconf 87' lang='lat' dir='ltr'>nuncio</span> <span class='ocrx_word' id='word_1_292' title='bbox 403 2661 428 2696; x_wconf 86' lang='lat' dir='ltr'>ab</span> <span class='ocrx_word' id='word_1_293' title='bbox 445 2661 539 2703; x_wconf 88' lang='lat' dir='ltr'>episcopo</span> <span class='ocrx_word' id='word_1_294' title='bbox 557 2660 709 2698; x_wconf 86' lang='lat' dir='ltr'>Monasteriensi</span> <span class='ocrx_word' id='word_1_295' title='bbox 726 2661 839 2698; x_wconf 84' lang='lat' dir='ltr'>collationis</span> <span class='ocrx_word' id='word_1_296' title='bbox 855 2663 933 2699; x_wconf 76' lang='lat' dir='ltr'>litteras</span> 
     </span>
     <span class='ocr_line' id='line_1_37' title="bbox 35 2709 932 2759; baseline 0.002 -13"><span class='ocrx_word' id='word_1_297' title='bbox 35 2755 38 2757; x_wconf 18' lang='lat' dir='ltr'>q</span> <span class='ocrx_word' id='word_1_298' title='bbox 74 2710 158 2759; x_wconf 74' lang='lat' dir='ltr'>obtinet,</span> <span class='ocrx_word' id='word_1_299' title='bbox 172 2710 243 2746; x_wconf 83' lang='lat' dir='ltr'>exinde</span> <span class='ocrx_word' id='word_1_300' title='bbox 258 2709 308 2745; x_wconf 86' lang='lat' dir='ltr'>clam</span> <span class='ocrx_word' id='word_1_301' title='bbox 322 2711 394 2746; x_wconf 84' lang='lat' dir='ltr'>vocato</span> <span class='ocrx_word' id='word_1_302' title='bbox 409 2710 470 2746; x_wconf 78' lang='lat' dir='ltr'>adse</span> <span class='ocrx_word' id='word_1_303' title='bbox 486 2710 557 2747; x_wconf 76' lang='lat' dir='ltr'>Getico</span> <span class='ocrx_word' id='word_1_304' title='bbox 572 2710 651 2746; x_wconf 81' lang='lat' dir='ltr'>bomine</span> <span class='ocrx_word' id='word_1_305' title='bbox 665 2711 793 2753; x_wconf 78' lang='lat' dir='ltr'>inconstanti,</span> <span class='ocrx_word' id='word_1_306' title='bbox 807 2711 869 2754; x_wconf 83' lang='lat' dir='ltr'>largis</span> <span class='ocrx_word' id='word_1_307' title='bbox 884 2722 932 2755; x_wconf 83' lang='lat' dir='ltr'>pro-</span> 
     </span>
     <span class='ocr_line' id='line_1_38' title="bbox 74 2759 932 2802; baseline 0.003 -8"><span class='ocrx_word' id='word_1_308' title='bbox 74 2760 200 2796; x_wconf 84' lang='lat' dir='ltr'>missionibus</span> <span class='ocrx_word' id='word_1_309' title='bbox 211 2760 275 2802; x_wconf 86' lang='lat' dir='ltr'>ipsnm</span> <span class='ocrx_word' id='word_1_310' title='bbox 288 2768 312 2794; x_wconf 90' lang='lat' dir='ltr'>eo</span> <span class='ocrx_word' id='word_1_311' title='bbox 325 2759 404 2802; x_wconf 74' lang='lat' dir='ltr'>redigit,</span> <span class='ocrx_word' id='word_1_312' title='bbox 417 2760 438 2794; x_wconf 87' lang='lat' dir='ltr'>nt</span> <span class='ocrx_word' id='word_1_313' title='bbox 450 2759 516 2801; x_wconf 84' lang='lat' dir='ltr'>palam</span> <span class='ocrx_word' id='word_1_314' title='bbox 528 2760 603 2795; x_wconf 82' lang='lat' dir='ltr'>reiecto</span> <span class='ocrx_word' id='word_1_315' title='bbox 616 2760 686 2796; x_wconf 84' lang='lat' dir='ltr'>ordine</span> <span class='ocrx_word' id='word_1_316' title='bbox 698 2760 900 2797; x_wconf 82' lang='lat' dir='ltr'>Praemonstratensis</span> <span class='ocrx_word' id='word_1_317' title='bbox 912 2761 932 2797; x_wconf 83' lang='lat' dir='ltr'>in</span> 
     </span>
     <span class='ocr_line' id='line_1_39' title="bbox 74 2808 729 2852; baseline 0.002 -8"><span class='ocrx_word' id='word_1_318' title='bbox 74 2808 145 2844; x_wconf 82' lang='lat' dir='ltr'>taciem</span> <span class='ocrx_word' id='word_1_319' title='bbox 158 2808 240 2845; x_wconf 85' lang='lat' dir='ltr'>ecclesie</span> <span class='ocrx_word' id='word_1_320' title='bbox 251 2808 327 2850; x_wconf 84' lang='lat' dir='ltr'>iurarit,</span> <span class='ocrx_word' id='word_1_321' title='bbox 339 2818 361 2844; x_wconf 90' lang='lat' dir='ltr'>se</span> <span class='ocrx_word' id='word_1_322' title='bbox 373 2808 468 2844; x_wconf 84' lang='lat' dir='ltr'>Barnardi</span> <span class='ocrx_word' id='word_1_323' title='bbox 480 2808 592 2845; x_wconf 85' lang='lat' dir='ltr'>institutum</span> <span class='ocrx_word' id='word_1_324' title='bbox 605 2809 656 2845; x_wconf 84' lang='lat' dir='ltr'>veile</span> <span class='ocrx_word' id='word_1_325' title='bbox 669 2809 729 2852; x_wconf 82' lang='lat' dir='ltr'>sequi.</span> 
     </span>
    </p>
   </div>
   <div class='ocr_carea' id='block_1_4' title="bbox 96 2905 932 3161">
    <p class='ocr_par' dir='ltr' id='par_1_5' title="bbox 99 2905 932 3001">
     <span class='ocr_line' id='line_1_40' title="bbox 99 2905 932 2950; baseline 0.004 -8"><span class='ocrx_word' id='word_1_326' title='bbox 99 2907 106 2942; x_wconf 91' lang='lat'>1</span> <span class='ocrx_word' id='word_1_327' title='bbox 134 2906 305 2950; x_wconf 82' lang='lat' dir='ltr'>Gerkesklooster‚</span> <span class='ocrx_word' id='word_1_328' title='bbox 315 2905 387 2943; x_wconf 88' lang='grc' dir='ltr'>Ο.Ν.Ο.</span> <span class='ocrx_word' id='word_1_329' title='bbox 397 2916 414 2942; x_wconf 91' lang='lat' dir='ltr'>v.</span> <span class='ocrx_word' id='word_1_330' title='bbox 424 2906 515 2949; x_wconf 78' lang='lat' dir='ltr'>Bergum.</span> <span class='ocrx_word' id='word_1_331' title='bbox 525 2907 569 2950; x_wconf 78' lang='lat' dir='ltr'>Vgl.</span> <span class='ocrx_word' id='word_1_332' title='bbox 580 2905 598 2942; x_wconf 90' lang='lat' dir='ltr'>S.</span> <span class='ocrx_word' id='word_1_333' title='bbox 608 2906 680 2943; x_wconf 89' lang='lat' dir='ltr'>Nlutler</span> <span class='ocrx_word' id='word_1_334' title='bbox 690 2906 738 2944; x_wconf 89' lang='lat' dir='ltr'>Hzn.</span> <span class='ocrx_word' id='word_1_335' title='bbox 749 2906 865 2945; x_wconf 86' lang='lat' dir='ltr'>Geschiedk.</span> <span class='ocrx_word' id='word_1_336' title='bbox 876 2908 932 2946; x_wconf 73' lang='lat' dir='ltr'>Atlas</span> 
     </span>
     <span class='ocr_line' id='line_1_41' title="bbox 134 2954 932 3001; baseline 0.003 -10"><span class='ocrx_word' id='word_1_337' title='bbox 134 2965 150 2991; x_wconf 84' lang='lat' dir='ltr'>v.</span> <span class='ocrx_word' id='word_1_338' title='bbox 163 2954 281 2999; x_wconf 85' lang='lat' dir='ltr'>Nederland,</span> <span class='ocrx_word' id='word_1_339' title='bbox 293 2954 322 2990; x_wconf 89' lang='lat' dir='ltr'>De</span> <span class='ocrx_word' id='word_1_340' title='bbox 334 2954 445 2997; x_wconf 82' lang='lat' dir='ltr'>Kerkeliike</span> <span class='ocrx_word' id='word_1_341' title='bbox 457 2954 557 2998; x_wconf 82' lang='lat' dir='ltr'>indeeting</span> <span class='ocrx_word' id='word_1_342' title='bbox 569 2957 637 2991; x_wconf 88' lang='lat' dir='ltr'>omstr.</span> <span class='ocrx_word' id='word_1_343' title='bbox 652 2955 702 3000; x_wconf 86' lang='lat'>1550,</span> <span class='ocrx_word' id='word_1_344' title='bbox 715 2954 868 3000; x_wconf 82' lang='lat' dir='ltr'>&#39;sGravenhage</span> <span class='ocrx_word' id='word_1_345' title='bbox 882 2957 932 3001; x_wconf 79' lang='lat'>1920,</span> 
     </span>
    </p>

    <p class='ocr_par' dir='ltr' id='par_1_6' title="bbox 96 3004 531 3097">
     <span class='ocr_line' id='line_1_42' title="bbox 96 3004 531 3097; baseline 0 -8"><span class='ocrx_word' id='word_1_346' title='bbox 96 3038 109 3089; x_wconf 48' lang='grc' dir='ltr'>Ἰ2</span> <span class='ocrx_word' id='word_1_347' title='bbox 134 3004 324 3097; x_wconf 56' lang='lat' dir='ltr'>ludigrlgdlidrbllten</span> <span class='ocrx_word' id='word_1_348' title='bbox 336 3053 365 3090; x_wconf 89' lang='lat' dir='ltr'>W.</span> <span class='ocrx_word' id='word_1_349' title='bbox 378 3063 415 3089; x_wconf 86' lang='lat' dir='ltr'>van</span> <span class='ocrx_word' id='word_1_350' title='bbox 428 3052 531 3089; x_wconf 75' lang='lat' dir='ltr'>Francken</span> 
     </span>
    </p>

    <p class='ocr_par' dir='ltr' id='par_1_7' title="bbox 98 3100 694 3161">
     <span class='ocr_line' id='line_1_43' title="bbox 98 3100 694 3161; baseline 0 -21"><span class='ocrx_word' id='word_1_351' title='bbox 98 3102 109 3140; x_wconf 85' lang='lat'><strong>3</strong></span> <span class='ocrx_word' id='word_1_352' title='bbox 133 3101 290 3146; x_wconf 76' lang='lat' dir='ltr'>nchtkarspelen</span> <span class='ocrx_word' id='word_1_353' title='bbox 302 3101 403 3161; x_wconf 80' lang='lat' dir='ltr'>behoorde</span> <span class='ocrx_word' id='word_1_354' title='bbox 415 3103 447 3139; x_wconf 88' lang='lat' dir='ltr'>tot</span> <span class='ocrx_word' id='word_1_355' title='bbox 459 3101 483 3139; x_wconf 89' lang='lat' dir='ltr'>de</span> <span class='ocrx_word' id='word_1_356' title='bbox 496 3101 586 3140; x_wconf 85' lang='lat' dir='ltr'>dioecese</span> <span class='ocrx_word' id='word_1_357' title='bbox 599 3100 694 3141; x_wconf 86' lang='lat' dir='ltr'>Mnnster.</span> 
     </span>
    </p>
   </div>
   <div class='ocr_carea' id='block_1_5' title="bbox 0 0 1066 3546">
    <p class='ocr_par' dir='ltr' id='par_1_8' title="bbox 0 0 1066 3546">
     <span class='ocr_line' id='line_1_44' title="bbox 0 0 1066 3546; baseline 0 0"><span class='ocrx_word' id='word_1_358' title='bbox 0 0 1066 3546; x_wconf 95' lang='lat' dir='ltr'> </span> 
     </span>
    </p>
   </div>
  </div>
 </body>
</html>
