2121 3546
521 240 554 284 ab

104 374 191 415 rosque
204 360 255 405 iniit
270 361 375 415 gratiam.
390 358 454 417 quod
468 358 516 405 alia
529 361 568 406 via
582 360 734 407 commodiori
748 378 786 407 res
801 364 848 408 ista
862 364 970 419 componi

104 436 175 476 posse
189 419 256 466 multi
272 420 410 476 iudicarent.
427 420 471 467 Hic
485 423 574 467 carceri
589 424 736 479 mancipatus
751 423 836 477 toedio.
852 423 969 481 squalore.

110 481 230 538 multoque
246 498 352 527 moerore
368 487 527 539 consumptus,
544 485 606 529 intra
622 500 715 530 menses
732 485 813 530 decem
829 487 853 530 in
870 484 969 531 Domino

105 542 202 586 moritur
214 557 276 586 anno
290 544 353 587 1556.

375 729 521 774 Godeiridus
534 729 609 773 abbas
622 729 705 773 XXX.

105 912 208 959 Henrico
225 918 295 966 moto,
314 912 418 958 succedit
436 914 550 969 evestigio
565 911 594 958 D.
612 911 757 959 Godefridus
775 912 970 968 Buscoducensis.

105 976 128 1021 in
145 975 172 1032 a)
187 973 371 1020 Buvencloester
387 976 543 1031 praepositus,
559 976 595 1019 vir
618 973 717 1020 consilio
740 979 852 1028 maturus,
877 990 970 1031 parcus,

105 1036 196 1082 sobrius
217 1041 240 1082 et
253 1034 379 1082 modestus.
394 1035 421 1093 b)
434 1034 478 1081 Hic
491 1051 582 1082 summo
595 1035 673 1082 studio
686 1041 800 1093 quantum
812 1038 889 1093 potuit
902 1046 970 1094 agros

105 1099 279 1155 oppignoratos
293 1114 323 1143 ne
336 1102 450 1154 perpetuo
465 1098 516 1154 jure
529 1096 700 1154 quinquennali
711 1096 908 1152 abalienarentur‚
923 1097 971 1144 col·

105 1158 167 1205 lecta
177 1161 277 1216 pecunia
287 1159 393 1204 redemit.
405 1158 543 1205 Debitorum
553 1175 644 1204 summa
654 1160 681 1216 c)
691 1164 775 1205 exacte
786 1158 910 1214 delineata.
923 1162 971 1206 cui-

112 1220 168 1266 libet
180 1237 224 1277 pro
236 1223 284 1266 suis
296 1220 384 1266 viribus
397 1220 535 1265 satisfacere
547 1218 643 1266 studuit.
657 1220 691 1265 At
703 1222 769 1277 gravi
781 1219 902 1267 oculorum
914 1223 971 1267 vitio

105 1281 222 1336 laborans,
240 1298 283 1339 per
300 1282 359 1327 alios
375 1286 498 1338 praestare
514 1287 609 1328 coactus
626 1286 668 1335 est,
686 1281 750 1339 quod
767 1284 832 1340 ipsus
849 1287 971 1339 praestare

111 1345 234 1401 potuisset3
249 1343 346 1389 alterius
358 1345 428 1399 igitur
440 1342 582 1389 adminiculo
594 1348 670 1396 utens*
683 1343 747 1389 haud
760 1343 860 1390 feliciter
873 1361 904 1390 ex
916 1349 971 1390 voto

105 1420 217 1461 praeesse
235 1406 317 1461 potuit.
336 1404 365 1461 d)
383 1403 453 1449 Anno
472 1402 680 1449 administrationis
700 1403 838 1450 duodecimo
856 1406 971 1450 accersito

106 1464 191 1511 abbate
205 1464 348 1511 Lidlomensi
363 1464 484 1518 lsbrando,
500 1463 605 1510 collectis
620 1464 727 1511 omnibus
743 1464 914 1511 absolutionem
929 1468 971 1511 im·

106 1524 191 1584 petrat.
205 1525 280 1583 ldque
292 1528 349 1572 vitio
366 1525 401 1581 lut
415 1526 502 1571 dictum
515 1526 560 1581 est]
577 1525 704 1580 oculorum.
719 1543 766 1584 quo
780 1526 890 1573 divinitus
904 1526 971 1573 illato

106 1592 252 1645 naturaeque
274 1589 429 1644 corruptione.
453 1586 552 1633 honesto
575 1587 669 1633 dotatus
686 1587 772 1634 salario
788 1604 872 1643 annuo,
889 1588 972 1635 relicta

106 1648 197 1695 abbatis
213 1648 270 1768 auli
283 1649 315 1707 e),
332 1665 437 1695 seorsum
452 1653 561 1695 extructo
575 1648 646 1696 cubili
661 1648 753 1695 sibimet
769 1649 851 1696 famuli
867 1649 972 1696 subsidio

106 1727 162 1757 usus
171 1712 236 1756 vixit.

378 1896 505 1946 Regnerus
519 1895 593 1940 abbas
607 1895 703 1940 XXXI.

107 2081 167 2129 Huic
177 2081 282 2129 succedit
292 2081 320 2128 D,
331 2080 452 2137 Regnerus
463 2079 613 2137 Asperensis,
625 2082 649 2126 in
660 2078 827 2126 Buvecloester
837 2084 972 2127 sanctarum

106 2146 222 2201 virginum
232 2145 387 2201 praepositus.
400 2141 444 2188 Hic
455 2141 608 2188 confirmatus
620 2146 645 2187 at
655 2140 757 2187 necdum
767 2146 917 2187 consecratus
929 2141 971 2188 ad·

113 2211 185 2252 ventu
199 2207 304 2263 episcopi
319 2203 497 2250 Leovardiensis
513 2205 588 2261 primi,
605 2220 635 2249 ex
650 2202 739 2248 eodem
748 2201 861 2249 coenobio
877 2205 971 2248 canoni·

106 2284 187 2314 corum
196 2267 341 2313 Leovardiae
352 2267 478 2311 constituto
488 2264 594 2321 collegio,
606 2266 633 2322 g)
643 2281 686 2311 suo
696 2264 778 2311 officio
788 2264 891 2319 orbatus¹
903 2264 971 2311 simul

107 2346 161 2375 cum
169 2328 265 2386 reliquis
275 2327 416 2374 transfertur
426 2326 586 2373 Leovardiam.
598 2325 634 2372 Ob
645 2325 765 2383 dignitatis
776 2328 884 2373 meritum
894 2324 971 2373 caetess

131 2573 151 2611 a)
176 2573 234 2610 adn:
252 2572 355 2616 Sepulchri
366 2572 385 2608 S.
397 2571 472 2608 Mariae
483 2571 503 2608 in
510 2583 518 2614 ,-

132 2622 153 2679 b)
173 2623 236 2679 ¹adri:
262 2622 332 2665 quibus
351 2622 376 2658 ad
395 2621 540 2666 praefecturam
560 2620 719 2663 consequentiam
737 2620 839 2662 ingentem
859 2620 896 2656 sibi
915 2629 971 2663 spem

108 2672 287 2764 seli()ssmtirn1>÷anae
298 2721 356 2764 nnisn
367 2720 457 2762 correcta,
468 2720 548 2756 cuilibet
559 2719 674 2756 satisfacere
685 2719 798 2762 satagebat·
856 2710 857 2713 ¹

131 2770 153 2811 d)
178 2770 221 2806 ariri⁴
230 2770 349 2805 :Parentum
361 2769 512 2810 amantissimus,
524 2769 628 2810 utrumque
639 2768 660 2804 in
672 2766 813 2804 monasterium
826 2767 917 2809 servavit,
929 2776 971 2803 rno-

114 2819 195 2856 nasterii
215 2819 307 2855 damnum
321 2827 357 2855 sua
370 2818 477 2855 resarciens
490 2817 608 2860 vigilantia,-

131 2869 151 2911 e)
176 2868 246 2905 oiiicio
259 2868 311 2905 cedit
323 2877 376 2905 anno
390 2867 436 2905 1569
441 2879 450 2911 ,·

130 2917 149 2960 i)
164 2967 168 2976 Ι
180 2918 238 2976 imis]
255 2926 357 2961 quousque
368 2916 496 2954 Leovarriiam
507 2916 601 2960 migrans,
613 2916 638 2953 ab
649 2915 707 2952 omni
714 2914 785 2952 orricio
797 2915 862 2952 divino
875 2923 971 2952 exonera-

109 2968 270 3103 mjgfgifidnibllbri
285 3015 365 3053 sallario
380 3024 416 3059 pre
431 3015 502 3052 ceteris
517 3015 560 3052 suis·
572 3015 668 3052 tratribus
682 3013 783 3051 canonicis
798 3015 909 3058 decoratus,
924 3013 972 3051 vivit

108 3075 164 3110 snen
178 3075 184 3103 r
199 3076 216 3103 e.
