2121 3546
501 226 531 271 95

87 349 172 391 denariis
184 353 312 396 procuravit,
331 350 402 389 deinde
414 349 608 388 Aemstelredammis
621 349 724 395 profectus
736 349 803 393 ibique
814 347 948 393 wagenschot,

87 403 169 441 raffters
183 402 234 440 ende
247 412 309 440 vuren
323 411 405 446 sparren
420 401 444 438 ad
458 400 591 439 scandendum
607 403 653 445 apta
668 401 721 446 emit,
736 409 759 437 ac
773 398 854 438 domum
868 399 948 436 veniens

86 453 192 491 confestim
207 453 310 497 operarios
325 452 394 490 fabros
409 452 484 490 scilicet
500 452 596 495 lignarios
611 451 712 497 conduxit,
728 451 761 494 nui
776 450 843 488 statim
859 453 946 487 veterem

87 502 157 539 turrim
167 510 265 546 magnam,
277 502 337 538 latam
347 502 368 537 et
378 500 477 538 excelsam
487 499 627 544 dissolvebant,
639 502 659 536 et
670 502 737 543 petras
748 501 768 536 et
780 498 834 542 ligna
845 507 888 535 cum
899 506 946 541 qua-

86 553 132 587 tuor
145 550 246 593 campanis
258 549 407 586 submittebant⁴
420 548 496 592 Quibus
510 548 595 592 peractis
615 551 635 585 et
648 548 708 585 muris
722 557 757 591 per
771 556 850 584 manum
863 545 948 583 fratrum

86 599 181 638 tredecim
197 600 292 637 iuncturis
309 598 395 643 lapidum
412 599 529 638 humiliores·
543 599 606 643 factis,
624 608 696 637 novam
713 598 788 642 turrim,
805 597 868 635 multo
885 596 948 633 veteri

85 651 187 695 minorem,
197 651 217 687 in
227 659 267 686 una
277 652 334 694 parte
345 650 433 694 ecclesie,
443 660 484 687 non
495 650 515 686 in
526 649 597 694 medio,
608 651 720 693 erexerunt,
732 652 752 685 et
762 657 839 685 rursum
851 648 946 686 maiorem

85 710 201 745 campanam
218 710 261 738 cum
279 700 322 737 aliis
339 700 401 737 tribus
418 699 481 745 novis,
498 709 546 743 quas
564 699 624 737 abbas
641 698 714 737 Paulus
731 709 768 743 pro
786 698 885 736 veteribus
904 699 946 734 arte

84 752 160 788 fusoria
170 751 216 788 fieri
226 753 373 795 procuraverat,
384 751 404 786 in
415 760 438 786 ea
448 750 598 794 suspenderunt.
729 790 731 792 ¹

84 801 119 840 His
130 802 197 845 itaque
207 801 235 838 sic
245 801 307 844 gestis
318 810 353 844 per
364 810 427 839 annos
438 800 513 844 aliquot
524 802 621 837 cessatum
633 802 668 836 est.
679 798 767 836 Tandem
779 809 790 835 a
800 798 863 837 Paulo
875 798 946 836 abbate

84 852 172 896 pecuniis
187 851 281 895 collectis,
295 851 368 887 fratres
383 851 486 888 ecclesiam
501 861 512 887 a
525 851 575 887 turri
589 860 651 894 usque
666 850 691 886 ad
705 849 767 886 tinem
781 850 863 887 ecclesie
878 859 946 887 versus

84 901 207 940 occidentem
220 902 293 945 tegulis
308 901 405 946 latericiis,
420 901 484 946 lignis,
498 900 586 938 trabibus
600 901 678 944 penitus
698 899 822 937 nudaverunt
836 910 859 936 ac
872 899 946 944 spolia-

85 955 136 996 runt,
147 952 211 989 menia
223 950 317 989 tredecim
328 952 423 989 iuncturis
435 951 521 995 lapidum
533 950 638 988 humiliora
649 949 751 987 iacientes
763 950 790 987 At
801 949 873 986 Paulus
886 950 946 986 abbas

85 1002 167 1040 eandem
178 1005 255 1046 partem
265 1001 348 1039 ecclesie
357 1001 414 1041 novis
425 1001 518 1046 trabibus,
530 1001 640 1046 laqueariis,
652 1000 749 1038 asseribus
762 1010 784 1037 ac
794 999 879 1044 desuper
890 1003 945 1038 tecto

85 1052 170 1095 petrino,
183 1052 212 1088 uti
226 1060 278 1087 nunc
292 1051 384 1094 cernitur,
398 1050 440 1093 tegi
456 1060 478 1087 ac
492 1050 563 1087 muniri
577 1049 630 1087 fecit.
645 1047 671 1086 Et
685 1050 713 1087 sic
728 1049 800 1086 iterato
816 1058 851 1093 per
867 1048 946 1092 aliquod

84 1104 162 1144 tempus
174 1102 272 1138 cessatum
283 1109 318 1137 est.
330 1099 440 1139 Novissime
452 1100 585 1138 sanctuarium
596 1099 715 1136 fabricatum
726 1102 757 1137 est
768 1101 789 1136 et
800 1101 855 1137 tecto
867 1100 946 1143 petrino

84 1152 186 1188 munitum.
201 1151 230 1188 Ac
245 1160 297 1188 anno
313 1151 335 1187 14
349 1150 429 1188 testudo
445 1151 511 1193 lignea
525 1150 622 1187 fabricata
637 1152 668 1188 est
683 1152 703 1186 et
717 1149 802 1194 depicta,
817 1153 838 1187 et
853 1159 906 1188 anno
921 1150 945 1186 20

84 1199 143 1239 stalla
153 1200 293 1237 canonicorum
302 1198 400 1236 fabricata
409 1201 456 1235 sunt
466 1208 477 1235 a
488 1198 584 1241 magistro
595 1197 686 1236 iohanne
697 1196 830 1235 Sculenborch
841 1197 945 1237 Westfalo.

84 1250 160 1286 Deinde
179 1248 252 1286 Paulus
272 1249 332 1286 abbas
352 1249 486 1293 pavimentum
505 1247 560 1285 chori
580 1248 642 1286 sterni
661 1247 710 1285 fecit
730 1247 827 1292 lapidibus
841 1249 940 1293 latericiis,

84 1300 159 1337 citrinis
170 1299 246 1337 scilicet
258 1303 278 1337 et
289 1298 388 1336 viridibus.
401 1297 427 1336 Et
438 1299 457 1335 in
469 1308 547 1336 summo
559 1299 616 1345 altari
628 1298 677 1335 fecit
689 1297 771 1335 backam
804 1298 845 1335 sive
858 1297 946 1334 tabulam

83 1350 128 1387 fieri
142 1350 221 1394 plenam
234 1348 352 1393 imaginibus
366 1351 387 1386 et
399 1348 476 1393 figuris,
490 1358 567 1386 necnon
582 1351 602 1385 et
615 1351 656 1385 tres
670 1348 733 1393 sedes,
746 1348 780 1385 ubi
794 1346 887 1385 sacerdos
902 1357 945 1384 curn

84 1400 168 1439 diacono
179 1402 200 1437 et
210 1398 332 1437 subdiacono
342 1399 379 1436 sub
390 1400 449 1437 missa
460 1398 521 1444 sedet,
532 1402 553 1436 et
563 1399 638 1435 variam
648 1399 746 1443 picturam
757 1398 847 1442 desuper.
858 1397 946 1434 Tandem

84 1451 159 1488 cunctis
171 1451 191 1487 in
203 1449 265 1488 choro
277 1450 327 1486 bene
339 1448 446 1494 dispositis,
459 1449 508 1486 itum
521 1452 551 1487 est
564 1448 588 1485 ad
601 1449 696 1493 reliquam
709 1451 786 1493 partem
799 1448 881 1486 ecclesie
893 1448 945 1486 occi·

84 1500 188 1538 dentalem.
634 1498 637 1502 ’

85 1560 87 1562 ’
108 1550 175 1594 Ibique
190 1549 289 1587 testudine
305 1549 382 1593 lapidea
397 1549 479 1592 deiecta,
495 1559 533 1593 pue
548 1550 606 1587 nimis
621 1549 679 1586 bassa
695 1552 743 1594 erat,
759 1549 852 1593 quoniam
868 1551 945 1586 tantum

83 1601 192 1639 fornicibus
205 1600 336 1644 incumbebat,
350 1601 409 1643 atque
423 1600 517 1637 altaribus
530 1609 541 1635 a
554 1600 595 1638 suis
609 1600 657 1638 locis
671 1600 743 1638 avulsis
756 1602 777 1637 et
790 1609 825 1643 per
838 1599 911 1636 fratres
925 1600 945 1636 in

85 1651 132 1689 locis
143 1652 163 1688 in
174 1652 303 1694 quibusnunc
321 1652 372 1687 stant
383 1650 459 1695 locatis,
471 1650 531 1687 abbas
543 1649 615 1688 Paulus
627 1649 700 1687 backas
711 1651 753 1687 sive
764 1650 842 1687 tabulas
854 1650 944 1693 imagini-

83 1699 119 1736 bus
132 1701 213 1737 ornatas
225 1709 285 1742 super
297 1700 367 1737 altaria
380 1700 474 1738 collocari
487 1700 541 1745 fecit,
554 1700 626 1745 partim
639 1700 739 1738 deauratis
752 1700 824 1745 partim
838 1709 885 1737 vero
898 1710 944 1739 non.

84 1748 167 1786 Scamna
176 1749 217 1787 sive
226 1749 295 1788 sedilia
304 1759 341 1794 pro
351 1750 437 1789 maribus
446 1753 466 1787 et
475 1751 554 1788 feminis
564 1753 618 1789 retro
628 1751 647 1788 in
658 1751 740 1788 ecclesia
749 1751 794 1788 fieri
803 1750 857 1796 fecit,
867 1761 945 1789 necnon

84 1802 104 1836 et
114 1800 213 1843 porticum
224 1799 328 1844 lapideum,
338 1801 400 1845 petris
410 1799 532 1841 Renensibus
543 1801 593 1838 bene
604 1803 684 1846 tectum,
695 1801 788 1839 fabricari
799 1801 847 1838 fecit
859 1802 946 1846 amplum

83 1849 131 1892 satis
146 1852 167 1886 et
181 1849 296 1893 oblongum.
312 1850 361 1888 ltem
376 1850 425 1887 duas
440 1861 502 1888 novas
518 1854 622 1896 argenteas
638 1852 735 1895 ampullas
751 1854 771 1889 et
786 1861 846 1889 unam
861 1861 945 1896 cappam

53 1930 54 1933 ,
83 1900 147 1937 blavei
166 1899 244 1945 coloris,
262 1900 371 1944 vulgariter
389 1900 463 1946 damas,
481 1901 600 1946 procuravit,
619 1904 640 1938 et
658 1902 734 1939 casulas
753 1905 794 1939 tam
813 1902 867 1939 albas
883 1908 945 1946 'quam

83 1950 151 1993 nigras
168 1950 187 1986 in
205 1951 292 1989 sacrario
309 1949 364 1988 dedit
375 1953 440 1995 atque
458 1952 502 1988 alba
519 1950 540 1993 a)
558 1952 706 1996 superpellicea,
724 1953 855 1997 manutergia,
872 1953 945 1997 vinum,

83 2009 154 2045 ceram,
166 2000 245 2038 oblatas
257 2003 277 2038 et
288 2000 334 2037 tlrus
345 2001 427 2039 sacriste
439 2001 558 2047 procuravit,
571 2004 591 2039 et
604 2002 665 2039 multa
678 2003 716 2039 alia
728 2003 748 2040 in
761 2003 843 2040 ecclesia
855 2003 909 2048 fecit,
923 2013 945 2040 ac

84 2061 95 2086 a
112 2050 171 2087 ianua
188 2050 243 2088 chori
260 2059 322 2094 usque
340 2051 364 2087 ad
382 2051 460 2088 ianuam
479 2052 560 2089 ecclesie
578 2051 721 2090 occidentalem
739 2053 874 2096 pavimentum
891 2053 945 2091 duris

84 2100 181 2145 lapidibus
192 2101 291 2139 montanis
302 2103 323 2138 et
333 2101 392 2139 sectis
402 2101 478 2139 stravit.
490 2101 527 2139 Hic
539 2112 620 2146 magnas
632 2102 730 2141 fenestras
741 2106 761 2140 et
773 2104 823 2140 vitra
835 2104 855 2140 in
867 2113 890 2141 ea
901 2104 944 2142 for-

84 2150 132 2188 mari
145 2151 199 2187 fecit.
213 2150 250 2187 Hic
263 2151 323 2188 etiam
336 2151 433 2195 imagines
447 2152 545 2196 passionis
559 2152 662 2191 Dominice
675 2154 695 2190 in
709 2153 824 2191 basimentis
838 2154 944 2193 testudinis

84 2199 195 2238 collocavit.
210 2198 247 2236 Hic
262 2200 321 2237 etiam
336 2199 409 2237 dilecto
424 2200 482 2238 fratri
497 2203 568 2239 nostro
584 2199 669 2243 iohanni
685 2201 710 2238 de
725 2201 841 2247 Zutphania,
857 2203 890 2245 qui
906 2202 944 2241 boc

83 2257 177 2290 magnum
192 2257 289 2291 organum
304 2250 347 2284 arte
361 2258 397 2284 sua
411 2248 465 2293 lecit,
480 2249 546 2287 omnia
561 2249 672 2288 necessaria
687 2252 708 2287 et
723 2250 832 2288 materialia
847 2251 896 2288 satis
911 2261 944 2288 co-

83 2297 194 2342 piosissime
206 2298 320 2341 procuravit
331 2300 351 2335 et
363 2297 512 2336 administravit.
524 2297 561 2336 Hic
572 2300 677 2337 transitum
690 2300 771 2339 ecclesie
784 2310 809 2337 ex
821 2303 878 2345 parte
891 2301 944 2345 aqui·

85 2348 147 2385 lonari
164 2348 278 2391 proximum
294 2357 305 2384 a
321 2347 451 2386 fundamento
468 2358 540 2386 novum
557 2349 627 2394 erexit,
643 2350 733 2387 similiter
750 2353 770 2388 et
787 2351 892 2388 transitum
909 2361 945 2395 per

84 2398 148 2441 girum
160 2398 289 2441 pavimentari
301 2397 355 2443 fecit,
368 2400 388 2435 et
400 2408 467 2436 muros
479 2409 514 2443 per
527 2399 629 2438 circuitum
641 2399 735 2445 dealbari,
747 2400 837 2438 similiter
850 2403 871 2438 et
883 2402 944 2439 eccle-

83 2448 138 2485 siam.
153 2447 190 2484 l·lic
204 2447 285 2486 domum
299 2448 437 2492 capittularem
452 2449 509 2487 novis
523 2449 618 2495 trabibus,
634 2450 738 2493 laqueariis
754 2461 776 2488 ac
791 2450 876 2496 desuper
891 2462 945 2490 novo

84 2500 138 2535 tecto
153 2497 242 2535 latericio
256 2498 297 2541 tegi
312 2497 373 2542 fecit;
395 2499 448 2536 etin
462 2499 537 2537 solario
551 2498 639 2537 eiusdem
654 2499 723 2538 domus
739 2500 838 2538 librariam
853 2502 944 2547 instituit,

84 2550 104 2584 et
114 2547 197 2584 inferius
208 2557 259 2585 nova
270 2547 347 2592 sedilia;
359 2548 448 2586 similiter
460 2550 511 2586 etin
523 2550 597 2586 ambitu
608 2560 660 2588 nova
671 2550 745 2594 sedilia,
757 2551 839 2588 formari
851 2552 904 2589 tecit.
917 2552 943 2589 Et

84 2605 156 2633 novam
166 2594 247 2633 domum
258 2605 317 2639 super
328 2594 448 2633 testudinem
460 2597 516 2634 novis
529 2596 631 2642 lapidibus,
643 2598 676 2641 qui
687 2598 748 2641 vulgo
760 2599 856 2636 tumelaer
868 2598 945 2645 dicitur,

83 2646 168 2690 stravit,
185 2655 208 2683 ac
218 2655 290 2684 novam
302 2655 399 2683 cameram
411 2656 448 2690 pro
460 2645 570 2691 hospitibus
582 2647 601 2684 in
614 2646 683 2686 eadem
694 2647 755 2687 domo
767 2648 820 2695 lecit,
832 2650 913 2694 insuper
925 2653 945 2687 et

84 2706 182 2733 cameram
197 2706 234 2739 pro
249 2696 373 2733 cementariis
388 2698 409 2734 et
424 2696 486 2736 fabris
502 2697 590 2740 lignariis
607 2701 627 2735 et
642 2708 723 2742 parvam
739 2708 836 2737 cameram
851 2709 888 2744 pro
904 2710 944 2739 ser-

84 2746 149 2784 vitore
165 2744 266 2791 hospitum
282 2746 365 2784 formari
382 2745 435 2784 lecit.
453 2746 601 2785 Occidentalem
618 2750 694 2792 partem
711 2748 822 2787 dormitorii
840 2760 863 2787 ac
880 2751 942 2788 refec-

85 2794 158 2833 torium
169 2803 231 2838 usque
242 2793 266 2830 ad
277 2795 339 2832 linem
349 2794 420 2834 domus
431 2805 484 2833 novo
495 2798 550 2834 tecto
561 2795 586 2832 de
606 2796 699 2835 lateribus
711 2797 766 2835 lacto
778 2799 837 2842 texit;
849 2799 939 2836 similiter

84 2845 105 2880 et
117 2843 171 2880 illam
184 2841 269 2899 domum,
283 2843 303 2880 in
316 2852 354 2886 qua
367 2842 436 2881 famuli
449 2842 556 2881 comedunt
569 2847 589 2881 et
602 2844 635 2881 ubi
649 2854 707 2882 cocus
720 2854 756 2881 sua
769 2845 865 2889 regimina
879 2846 945 2893 habet,

83 3007 225 3015 ¹——

107 3049 128 3092 a)
153 3049 190 3088 HS.
200 3049 285 3094 „albas”
