2121 3546
480 262 512 305 ’65

65 400 162 431 munere
171 385 287 441 corruptis
297 383 409 430 iratribus
419 383 545 430 substituit.
556 382 652 430 Ordinis
663 388 686 430 et
696 383 860 442 praefecturae
870 399 926 429 con·

65 445 222 490 firmationem
233 446 360 501 impetrare
370 443 434 490 haud
445 445 527 501 potuit.
539 444 637 489 Praeter
650 446 687 501 ius
698 448 722 489 et
733 442 926 490 consuetudinem

64 504 224 548 firmationem
236 505 365 560 impetrare
377 502 442 549 haud
453 505 538 560 potuit.

64 563 164 613 Praeter
173 564 208 618 jus
218 567 242 608 et
252 562 449 608 consuetudinem
459 562 534 609 abbas
543 563 621 609 factus
630 567 774 620 perpetuum
783 562 842 608 aluit
852 561 924 607 satel-

64 622 140 668 litium
148 620 269 668 hominum
279 621 425 675 stolidorum,
436 638 537 679 quorum
546 624 683 669 temeritate
693 624 799 679 graviter
808 620 924 677 adfligun-

65 687 103 727 tur
120 681 266 735 sacerdotes,
284 683 301 726 ii
317 683 466 738 praesertim,
485 698 585 753 quorum
602 684 626 727 in
644 682 763 727 electione
781 697 925 727 consensum

65 746 210 797 extorquere
223 747 344 798 nunquam
356 746 399 798 pot
389 743 441 794 tuit,
455 744 500 787 ut'
494 758 518 787 m
531 740 625 787 Jacobo
639 741 743 787 Zelando
756 740 798 787 lat'
781 746 828 787 trus
841 757 924 798 prose·

66 816 171 857 quemur
191 799 324 846 Habuitet
314 805 398 847 tsuos
417 800 585 858 sycophantas.
605 800 765 858 palponeset
784 799 924 861 gnathones,

60 875 166 917 quorum
184 859 305 917 praesidio
323 876 380 907 usus
399 860 518 907 ecclesiae
537 860 616 907 reddit
606 865 644 906 tus
664 863 750 906 misere
770 859 924 916 consumpsit.

66 919 176 966 Praefec
166 924 244 965 uram
275 936 369 977 quoque
401 922 475 977 ipsius
508 923 583 966 minus
617 920 720 966 faustam
753 919 857 966 futuram
891 921 926 976 ip-

67 996 118 1025 sum
130 981 154 1024 in
156 978 213 1024 felix
227 978 366 1035 suffragium
378 981 459 1033 innuit.
473 996 529 1025 nam
540 982 593 1037 ipsa
606 982 682 1036 prima
695 978 744 1025 ab'
738 988 845 1035 mgressu
857 983 927 1024 nocte

66 1040 320 1096 praecipuapecorum
334 1039 416 1085 domus
430 1041 572 1085 incineratur
587 1038 684 1085 flamma
698 1037 875 1095 inextinguibili.
890 1037 927 1084 Ex

13 1104 14 1108 ’
68 1097 202 1144 inordinata
215 1098 418 1155 eleemosynarum
431 1097 554 1155 largitione
568 1108 653 1154 magna
667 1100 782 1145 succrevit
796 1096 928 1144 eduliorum

68 1161 174 1217 penuria,
184 1162 217 1205 sic
226 1165 252 1206 ut
260 1162 378 1206 canonicis
388 1163 522 1207 necessaria
531 1160 636 1206 ciborum
645 1162 785 1206 sustentatio
795 1164 880 1217 negata
890 1161 927 1206 sit.

69 1222 105 1268 Ne
118 1224 196 1268 omnia
209 1221 278 1268 simul
292 1221 323 1267 ad
336 1224 520 1268 inter-necionem
532 1224 642 1279 perirent,
657 1221 754 1268 monilia
768 1238 836 1268 sacra
850 1223 928 1267 omnia

67 1283 151 1329 fideles
163 1284 268 1329 coenobii
279 1289 464 1355 conservatores,
476 1284 569 1337 calices,
581 1300 675 1330 crucem
686 1288 828 1340 argenteam,
841 1283 928 1341 pedum

68 1347 210 1400 argenteum,
220 1343 313 1389 thecam
321 1346 426 1400 corporis
434 1342 551 1389 Dominici
558 1339 680 1400 colligunt;
690 1343 733 1390 sub
742 1345 817 1389 noctis
826 1342 928 1389 medium

69 1404 158 1459 egressi
181 1402 358 1460 Franequeram
380 1408 515 1460 properant,
541 1402 656 1448 fidissimo
681 1404 828 1449 committunt
846 1404 928 1448 amico

69 1465 210 1510 Armentum
223 1481 291 1510 omne
305 1466 441 1511 monasterii
454 1469 578 1522 tantopere
592 1466 675 1510 minuit
689 1463 857 1521 abliguriendo,
872 1481 929 1510 ven-

69 1525 146 1572 dendo
156 1531 180 1571 et
190 1526 349 1580 distrahendo,
361 1531 387 1572 ut
397 1528 437 1572 vix
448 1526 529 1572 decem
540 1542 626 1572 vaccae
636 1526 742 1584 reliquae
753 1526 847 1573 fuerint,

67 1585 103 1631 De
112 1585 290 1632 confirmatione
299 1586 447 1642 impetranda
456 1585 649 1643 sollicitusquam
659 1590 796 1644 sequeretur
806 1602 928 1632 consecra·

68 1647 107 1699 tio,
119 1645 169 1691 sine
178 1647 243 1691 cuius
253 1644 395 1691 adminiculo
406 1648 539 1691 consecrari
549 1645 612 1691 haud
622 1651 709 1702 posset.
720 1647 791 1691 mittit
802 1645 928 1691 Praemon-

67 1703 929 1761 stratumvirummagnificumD.Petrum,ecclesiaeDronripensis1past0-

70 1781 125 1818 rem,
136 1766 176 1821 qui
186 1780 211 1809 re
220 1764 308 1810 infecta
318 1764 413 1810 domum
422 1766 554 1810 revertitur.
565 1762 625 1809 Hinc
635 1766 763 1819 numeratis
774 1763 802 1809 D.
812 1763 930 1810 Vilhelmo

70 1830 138 1883 patre
154 1825 239 1871 abbate
254 1828 283 1872 50
299 1824 403 1880 florenis,
419 1825 454 1871 D,v
464 1825 563 1872 Vesselo
579 1828 714 1882 praeposito
730 1824 820 1872 Vineae
836 1824 931 1871 Domini

70 1888 174 1941 totidem,
188 1887 343 1933 honorificam
356 1888 457 1934 adornat
470 1887 618 1944 legationem,
632 1887 671 1934 Ab
685 1887 784 1933 aurifice
798 1887 864 1945 iubet
877 1887 931 1933 fieri

71 1951 185 2006 insignem
201 1954 308 2006 pateram
325 1954 477 2005 argenteam
502 1948 556 1995 huic
573 1949 710 2006 operculum
727 1949 793 1995 addit
811 1948 931 1995 excelsum

71 2010 175 2068 aquilina
190 2011 266 2057 forma
281 2010 423 2071 decoratum,
439 2012 540 2067 ingentis
554 2011 721 2067 magnitudinis
737 2013 803 2057 nucis
818 2015 931 2069 putamen

71 2074 188 2130 argenteis
201 2072 249 2119 iilis
262 2072 403 2119 distinctum.
417 2071 482 2118 Haec
495 2072 564 2119 simul
577 2072 663 2119 vidulis
676 2072 767 2119 inclusa
779 2072 863 2130 legatis
876 2090 930 2130 por·

70 2137 130 2191 rigit,
148 2134 227 2180 abbati
242 2135 471 2180 Praemonstratensi
486 2151 529 2191 pro
545 2135 694 2192 impetranda
710 2135 888 2181 confirmatione
905 2140 931 2182 ut

71 2197 200 2254 proferant.
213 2196 264 2243 Nec
276 2195 301 2241 hi
314 2198 439 2254 quicquam
452 2198 585 2253 impetrant.
598 2195 678 2251 Vides,
693 2198 781 2254 optime
794 2197 874 2251 lector,
890 2197 931 2242 fir-

71 2275 134 2316 mum
145 2263 168 2304 et
179 2257 296 2304 immobile
306 2262 400 2315 patrum
410 2263 493 2316 pectus
504 2275 547 2316 pro
558 2258 720 2305 conservanda
731 2261 821 2315 pietate
831 2263 854 2305 et
865 2261 930 2305 iusti·

70 2322 110 2366 tia.
139 2318 244 2365 Tandem
273 2319 398 2372 destitutus
427 2319 534 2366 omnibus
562 2320 694 2376 praesidiis,
723 2321 815 2367 accedit
844 2320 932 2366 domini

70 2382 175 2436 episcopi
200 2378 359 2436 Traiectensis
385 2381 499 2425 vicarium
523 2396 581 2426 auro
607 2379 762 2437 precibusque
788 2384 930 2437 corruptum,

72 2439 101 2499 ab
114 2456 142 2485 eo
155 2443 181 2485 ut
193 2441 394 2485 consecrationem
406 2444 569 2496 consequatur.
584 2438 629 2484 Hic
641 2441 780 2485 intermissis
793 2442 931 2486 ceremoniis

71 2499 209 2547 adhibendis
217 2505 240 2547 et
247 2503 371 2555 consuetis,
390 2500 932 2559 manumlanguidam-summanempeaegri·

71 2559 932 2618 tudinelaborabat,exquatriduoexactomoritur-extendensepisco-

71 2620 150 2677 palem
158 2622 204 2677 ipsi
213 2620 304 2666 confert
313 2619 506 2666 benedictionem.
517 2619 571 2672 Qua
580 2625 678 2677 accepta
686 2620 750 2666 haud
760 2620 851 2678 longius
862 2620 932 2666 diffe-

73 2679 173 2726 rendum
184 2682 230 2725 rati
242 2681 354 2733 canonici,
368 2679 471 2737 aliquem
483 2697 514 2725 ex
526 2681 574 2726 suis
588 2682 696 2726 emittunt
709 2680 932 2735 Praemonstratum,

65 2744 112 2799 qui
127 2743 205 2787 omnia
220 2741 252 2787 ad
267 2750 368 2797 unguem
384 2740 453 2787 simul
469 2741 578 2798 explicet.
594 2741 813 2789 Praemonstratum
827 2745 932 2797 veniens,

74 2803 162 2859 apertis
181 2800 254 2847 literis
273 2803 387 2858 comperit
405 2805 473 2858 pater
492 2800 564 2847 abbas
583 2804 661 2847 omnia
679 2800 774 2848 turbata
792 2806 934 2860 praeterque

72 2862 186 2909 decormn
195 2864 241 2918 agi;
252 2865 427 2908 communicato
438 2862 537 2918 consilio
547 2863 630 2909 literas
640 2861 747 2917 remittit,
759 2863 861 2921 quihus'
854 2880 932 2921 ipsum

72 2923 186 2980 drgnrtate
192 2939 235 2979 per
241 2939 289 2968 vrm
295 2921 376 2968 ob
325 2926 366 2968 ten
366 2924 482 2980 taprivat,
489 2922 592 2994 reliquos
600 2922 686 2969 fratres
693 2922 722 2969 ab
729 2923 869 2978 obed1ent1a,
888 2941 935 2981 qua

73 2981 147 3041 a)illi
157 2981 221 3028 velut
233 2981 336 3039 legitimo
347 2987 442 3040 patrum
453 2984 583 3029 successori
594 2984 641 3037 sint
652 2982 764 3038 obstricti,
777 2983 868 3030 liberat
882 2982 934 3031 Hae

98 3080 122 3126 a)
147 3079 193 3116 Niet
203 3079 224 3115 tn
232 3078 258 3122 A,-

101 3126 117 3172 1)
143 3126 242 3173 Dronriip,
255 3130 289 3165 ten
301 3126 331 3164 W.
344 3137 382 3164 van
395 3126 532 3165 Leeuwarden.
