2121 3546
577 205 607 249 46

162 328 256 383 pietatis
280 327 405 372 seminaria
428 325 523 380 imbibit,
547 325 631 384 quibus
655 342 794 372 excrescens
818 328 892 383 magis
915 326 1022 384 profecit,

162 402 284 443 quousque
293 384 425 431 sacerdotio
435 386 559 431 decoratus
569 384 684 431 ecclesiae
693 386 720 444 a)
730 384 753 431 S,
763 384 887 432 Michaelis
897 384 1024 443 Tuitgum²

167 446 296 502 [Berlkuml
312 447 489 503 praeficeretur,
503 446 588 492 Pastor
601 447 628 505 b)
641 463 714 493 novas
728 447 799 493 aedes
812 449 954 504 pastoritiaS,
970 464 1022 501 „ea-

163 505 367 552 menade''Frisico
385 507 496 553 idiomate
516 508 597 561 dictas,
617 510 744 553 etiamnum
770 512 884 562 extantes,
912 510 1022 554 extruxit.

162 565 243 612 Abbas
253 566 387 622 designatus
396 568 467 612 variis
476 568 589 613 virtutum
597 567 706 624 operibus
716 567 822 613 omnibus
832 584 937 613 summae
945 584 1024 613 exem-

163 627 216 683 plar
229 627 351 683 probitatis
366 629 452 679 extitit;
467 628 556 673 diurnis
570 631 737 685 nocturnisque
751 631 824 674 sacris
838 631 910 674 etiam
923 628 1023 674 brumali

162 692 267 744 tempore
275 688 344 733 nudis
354 687 465 733 incedens
474 688 573 745 pedibus
590 688 701 742 interfuit,
711 689 737 747 c)
746 688 833 735 diaboli
841 688 953 735 candenti
961 689 1024 735 ferro

163 751 295 794 occurrenti
306 751 392 794 invicta
404 749 454 795 fide
464 752 556 795 restitit.
570 749 715 796 Ornamenta
727 750 887 796 ecclesiastica
899 767 957 796 auro
969 767 1023 796 con·

163 814 229 855 texta
242 809 356 855 ecclesiae
370 813 521 867 comparavit,
536 817 617 857 nostro
630 817 736 868 tempore
749 814 806 856 visa.

164 869 256 915 Bellum
290 887 342 916 cum
376 870 492 917 nobilibus
527 874 629 929 virisque
664 874 765 917 strenuis
801 871 830 917 ab
865 872 894 930 d)
928 871 1023 918 Eeckna

164 932 285 987 utriusque
319 933 455 976 monasterii
489 935 582 978 nomine
617 934 732 978 sustinere
767 935 863 989 cogitur,
899 934 922 978 in
957 935 1023 979 cuius

163 1007 231 1037 usum
261 995 303 1037 180
331 997 433 1037 armatos
462 995 567 1050 exceptis
596 995 631 1046 iis,
660 994 701 1049 qui
729 997 784 1038 voto
813 993 890 1039 ordini
919 993 1024 1039 obstricti

164 1055 187 1095 et
215 1053 260 1107 ipsi
288 1053 379 1105 armati,
408 1052 434 1109 e)
462 1054 486 1097 in
514 1052 626 1098 coenobio
655 1051 745 1109 Bayom
773 1055 863 1108 magnis
893 1052 1023 1109 sumptibus

164 1115 287 1157 sustentat.
312 1112 399 1157 Animo
420 1116 524 1157 attamen
545 1118 623 1158 erecto
643 1118 749 1169 ternpore
769 1118 817 1158 tam
839 1112 931 1158 difficili
952 1113 1023 1159 aedes

164 1171 255 1217 abbatis
276 1171 358 1225 dictas,
380 1174 403 1217 in
424 1172 532 1229 praefato
553 1174 668 1229 virginum
688 1172 787 1229 collegio
809 1177 905 1226 erectas,
928 1175 1023 1219 summis

164 1231 283 1277 laboribus
297 1237 320 1278 et
333 1236 429 1289 sumptu
441 1232 504 1279 haud
518 1233 564 1278 levi
578 1233 607 1279 ab
621 1236 669 1279 imo
681 1235 773 1290 erigens
788 1234 818 1279 ad
832 1250 947 1280 summam
961 1234 1025 1279 ducit

164 1295 367 1350 contignationem.
381 1294 531 1340 Pastoratnm
543 1297 567 1340 in
579 1293 686 1351 Tutgum,
700 1293 820 1351 Spannom
832 1300 856 1341 et
868 1295 891 1353 f)
900 1293 1024 1348 Sixloirum,

165 1354 204 1400 ubi
229 1365 314 1411 magna
340 1372 370 1400 ex
394 1355 512 1401 natalibus
537 1355 572 1401 illi
597 1356 641 1401 fuit
667 1358 787 1410 autoritas,
815 1356 897 1402 ditioni
924 1356 1024 1414 subjecit

165 1417 315 1460 monasticae.

166 1479 193 1524 In
219 1477 415 1524 admonitionibus
442 1494 532 1523 summa
558 1477 667 1523 utebatur
693 1476 816 1522 verborum
843 1476 973 1531 dulcedine,
1001 1479 1025 1522 in

165 1541 313 1597 correptione
326 1539 406 1584 durior
419 1554 462 1594 pro
474 1554 561 1583 causae
573 1539 732 1594 temporisque
745 1539 836 1583 ratione
849 1536 970 1595 aliquanto
984 1554 1025 1586 ex-

167 1602 220 1654 titit,
235 1616 290 1645 nam
303 1602 390 1645 sensim
404 1598 539 1644 labascente
553 1597 671 1655 religionis
686 1597 785 1651 fervore,
801 1597 895 1644 diabolo
909 1600 987 1644 omnia
1002 1600 1025 1643 in

166 1662 268 1707 deterius
279 1665 437 1719 promovente,
448 1659 575 1706 multorum
585 1665 679 1706 coactus
691 1665 726 1705 est
737 1676 835 1716 carpere
845 1659 1024 1716 improbitatem,

165 1739 212 1781 quo
221 1723 271 1768 Deo
281 1722 376 1780 Optimo
385 1722 491 1768 Maximo
500 1721 647 1778 perplacens,
658 1720 737 1768 multis
747 1721 802 1767 licet
812 1723 888 1778 impiis
899 1720 1024 1779 displicuit,

168 1795 322 1841 magnamque
338 1784 381 1830 sibi
397 1783 509 1829 conflavit
525 1783 643 1837 invidiam,
659 1799 721 1840 quae
736 1783 841 1840 quotidie
858 1793 986 1840 augescens
1002 1786 1026 1829 in

166 1849 293 1903 pessimum
309 1863 337 1892 ac
353 1846 469 1891 nefarium
485 1850 508 1890 et
524 1844 577 1902 plus
593 1862 664 1902 quam
681 1845 795 1891 foetidum
811 1847 918 1902 prorupit
935 1844 1024 1898 hulcus,

166 1907 229 1953 unde
240 1912 331 1953 maturo
343 1912 449 1964 tempore
461 1923 504 1962 pus
516 1911 540 1952 et
552 1908 629 1952 sanies
641 1906 729 1963 putridi
741 1905 847 1962 procedit
859 1905 984 1952 homicidii.

166 1968 240 2014 Moris
254 1968 298 2013 fuit
312 1966 341 2013 ob
354 1969 420 2013 initio
434 1966 527 2013 fundati
540 1968 676 2013 monasterii
689 1968 795 2023 ingentes
810 1976 919 2023 agrorum
933 1983 1026 2024 posses-

166 2032 243 2075 siones
258 2028 347 2075 allodia
361 2033 385 2074 et
400 2030 523 2085 garengias
539 2029 565 2086 g)
580 2030 685 2074 vocitari.
716 2027 768 2074 Hae
782 2027 912 2075 abundanti
927 2029 1027 2074 fratrum

166 2107 333 2137 conversorum
342 2096 365 2136 et
376 2090 488 2136 laicorum
498 2089 639 2147 regebantur
650 2089 798 2136 adminiculo.
810 2089 853 2136 His
864 2090 975 2148 quicquid
986 2094 1026 2136 aut

167 2153 197 2199 de
207 2152 317 2206 lactariis,
329 2168 420 2209 pecore,
432 2152 550 2197 frumento
561 2153 707 2208 caeterisque
718 2151 869 2209 proventibus
881 2155 975 2209 praeter
986 2168 1026 2197 neu

167 2216 294 2260 cessariam
306 2215 501 2260 sustentationem
513 2217 642 2269 supererat,
656 2213 680 2259 id
692 2229 783 2258 sum-ma
796 2212 844 2259 fide
858 2217 881 2259 et
893 2212 1027 2261 obedientia

167 2292 209 2322 suo
220 2275 251 2322 ad
261 2277 429 2321 monasterium
439 2274 576 2321 deferebant
587 2273 666 2320 abbati
676 2278 700 2320 et
711 2290 845 2320 oeconomo.
857 2273 918 2320 Hinc
928 2284 1027 2332 magnae

167 2340 190 2383 in
201 2337 307 2383 omnibus
319 2336 436 2382 coenobiis
448 2336 558 2390 familiae,
570 2345 667 2392 magnus
680 2334 786 2382 alebatur
798 2336 973 2383 coenobitarum
984 2354 1027 2383 nu-

168 2416 251 2452 merus,
262 2399 291 2457 h)
299 2398 362 2444 unde
371 2400 466 2444 nomina
476 2399 592 2455 garengiis
604 2395 790 2452 „Munkhuisen”
802 2397 882 2444 indita.
895 2397 925 2444 Hi
936 2397 1026 2455 longius

191 2536 211 2578 a)
236 2546 289 2573 om:
309 2537 329 2573 S.
344 2534 460 2576 Michaelis;

192 2586 213 2627 b)
238 2585 318 2628 electus,
335 2594 423 2621 summae
441 2583 542 2626 exemplar
565 2582 671 2626 probitatis
689 2581 770 2625 ext'tit;
793 2582 907 2625 precipuam
925 2584 1027 2626 pastorum

168 2637 239 2679 autam,
252 2636 385 2677 camenadam,
398 2644 441 2670 curn
454 2633 548 2677 hypogeo
562 2642 574 2669 a
586 2632 720 2669 fundamentis
734 2632 813 2675 erexit,-

192 2685 211 2727 ε)
236 2686 294 2722 add:
313 2685 379 2721 inedia
392 2693 465 2726 corpus
477 2691 580 2719 macerans
586 2693 594 2724 ;

193 2736 205 2772 d
239 2735 320 2777 ΕΜ,-

194 2796 205 2822 e
239 2794 292 2820 om:
311 2783 472 2825 in—Bay0m;
624 2780 642 2823 i)
673 2781 791 2823 Sexbirom;

239 2834 324 2870 fratrum
337 2841 477 2869 conversorum
490 2833 510 2867 et
522 2831 617 2867 laicorum
631 2830 697 2867 coiere
709 2831 811 2867 laboribus
817 2841 825 2873 ;

239 2893 292 2920 om:
313 2883 365 2920 unde
378 2904 402 2908 —
415 2882 479 2918 indita
485 2892 493 2924 ,·

195 2985 202 3020 1
229 2983 321 3026 Tuitgum
334 2980 435 3026 (Uytkom
448 2979 545 3024 Utgong),
558 2989 594 3015 san
607 2978 644 3015 den
657 2979 717 3016 mond
730 2978 764 3014 der
777 2979 900 3023 voormaligc
912 2979 1028 3022 Middelzee,

229 3036 258 3069 ter
272 3033 349 3076 plaatse
361 3041 399 3067 van
413 3030 446 3068 het
459 3028 622 3074 tegenwoordige
636 3028 740 3065 Berlikum.
