2121 3546
500 230 515 276 3

73 354 155 416 Datae
164 352 302 401 Menaldom
312 352 345 399 IV
354 369 428 400 nonas
439 352 547 399 Octobris
558 369 619 399 anno
629 350 745 409 redempti
755 351 818 398 orbis
830 354 894 397 1575.
911 350 938 409 u)

267 442 415 521 manans
426 476 462 520 ΙΝ
473 476 746 548 nnumnnnnnnu.

79 596 107 654 b)
114 596 185 641 Anno
207 595 377 654 c)Dominicae
392 597 558 641 incarnationis
576 598 633 641 1163
648 601 776 641 conventus
792 595 820 641 D.
836 594 938 651 Virginis

80 657 148 704 Horti
157 657 249 703 Mariae
258 657 370 704 tundatur
380 674 395 704 a
404 656 533 703 venerabili
542 656 639 714 Deoque
649 656 735 703 dilecto
745 659 795 703 viro
805 656 824 701 F
825 656 938 709 rederico,

80 718 191 777 Feykone
214 724 309 775 pastore
333 718 447 765 ecclesiae
470 721 493 764 in
510 717 612 764 Hallum.
630 717 674 764 Hic
685 724 759 765 natus
776 718 820 764 luit
837 720 860 763 in
877 727 939 775 pago

79 780 187 838 praefato
201 779 305 827 honestis
319 780 462 838 parentibus,
477 780 576 826 Dodone
590 784 664 837 patre,
679 784 754 826 matre
768 796 826 826 vero
839 778 939 835 Siburga

84 840 211 898 [Sybrichl.
221 840 324 888 Orbatus
333 847 401 899 patre
409 842 438 899 d)
447 859 461 888 a
469 846 544 887 matre
553 842 624 887 vidua
632 841 730 887 honeste
739 841 859 894 educatus,
870 842 938 897 iactis

80 901 190 957 Hallemii
207 903 287 958 primis
296 903 322 961 e)
346 902 483 948 literaturae
499 901 664 955 fundamentis,
682 901 853 948 Monasterium
870 901 938 947 Vest-

80 962 174 1020 phaliae
186 962 317 1010 studiorum
329 966 405 1020 gratia
417 963 543 1020 proiectus,
558 968 581 1009 et
593 964 676 1020 pietati
689 967 712 1008 et
726 962 799 1009 literis
813 962 939 1020 plurimum

80 1024 188 1070 addictus
200 1024 250 1070 tuit.
262 1024 417 1082 Frequentius
428 1026 595 1070 monasterium
607 1023 703 1071 Insulae
713 1022 736 1070 S.
749 1024 857 1070 lilariae1
876 1024 939 1070 ordi·

80 1087 116 1131 nis
133 1085 373 1132 Praemonstratensis
391 1086 513 1139 accedeus,
531 1085 707 1131 coenobitarum
724 1088 813 1143 pietate
830 1088 939 1143 vitaeque

79 1149 182 1204 puritate
190 1149 351 1204 motusipsem
358 1148 447 1193 ordinis
455 1147 557 1204 praelati
565 1149 612 1192 vim
620 1152 643 1193 et
652 1147 801 1203 disciplinam
808 1146 938 1204 amplexus,

81 1209 165 1253 mirum
181 1209 205 1252 in
221 1208 316 1254 modum
332 1208 421 1254 studuit
438 1223 582 1265 promovere.
600 1206 739 1253 Redientem
755 1208 778 1266 l)
795 1210 864 1264 igitur
882 1207 939 1253 Hal-

81 1267 181 1321 lemium,
192 1267 220 1313 D,
230 1267 249 1313 F
250 1268 311 1326 eyko
320 1274 402 1326 pastor
411 1271 477 1314 senio
487 1268 614 1322 conlectus,
627 1270 718 1325 juvenis
729 1268 846 1326 probitate
856 1273 939 1323 motus,

81 1331 158 1386 ipsum
176 1331 224 1375 suis
243 1330 270 1388 g)
288 1329 418 1387 sumptibus
437 1339 568 1387 magnoque
587 1329 664 1375 studio
684 1330 830 1376 sacerdotem
849 1332 939 1376 curavit

80 1392 218 1444 consecrari,
232 1395 322 1436 tantam
334 1392 422 1448 inipso
434 1393 544 1436 virtutem
556 1392 711 1447 conspicatus
725 1396 751 1437 ut
764 1393 816 1448 ipso
829 1390 940 1437 deiuncto

81 1453 149 1496 merit
139 1455 164 1497 to
176 1452 302 1498 succedere
314 1452 397 1508 dignus
409 1451 506 1497 haberet
496 1456 540 1505 tur,
553 1452 617 1509 quod
630 1456 653 1497 et
665 1453 814 1509 postmodum
826 1469 870 1499 con
871 1454 939 1509 ttigi
913 1456 939 1497 t·

81 1514 132 1569 ipso
146 1529 231 1569 nempe
245 1513 300 1559 fatis
315 1529 432 1567 concesso,
448 1516 564 1559 communi
579 1518 633 1559 voto
648 1512 787 1560 Fredericus
803 1519 884 1571 pastor
900 1514 939 1559 de·

82 1576 192 1630 signatur.
203 1573 254 1620 Hac
263 1574 376 1631 dignitate
385 1574 532 1627 sublimatum
541 1574 641 1620 necdum
650 1573 692 1620 illa
701 1575 789 1622 ordinis
799 1577 940 1633 pietatisque

83 1636 214 1688 seminaria,
216 1633 272 1680 olim
280 1634 391 1689 imbibita,
393 1637 471 1681 animo
479 1609 623 1681 exciderant,
625 1634 698 1692 Igitur
706 1652 753 1693 quo
753 1631 896 1693 pactolcum
903 1636 938 1694 h)l

105 1785 126 1827 a}
151 1785 209 1820 add:
234 1784 286 1821 Tuus
303 1794 338 1827 per
357 1783 423 1819 omnia
441 1782 630 1825 obsequentissimus
648 1782 755 1820 Sibrandus
774 1783 813 1820 Leo
832 1785 901 1827 pastor
920 1784 940 1819 in

12 1852 13 1856 =
83 1834 215 1872 Mennaldom.

106 1884 127 1925 b)
152 1882 321 1927 lnBvolgtnu:

82 1935 112 1971 De
125 1933 203 1975 origine
216 1932 348 1969 candidissimi
363 1932 438 1968 ordinis
452 1931 647 1967 Premonstratensis.

82 1983 140 2018 Anno
152 1982 249 2024 redempti
261 1981 315 2018 orbis
328 1982 373 2018 1120
386 1983 475 2023 ternpore
488 1981 571 2017 Honoril
583 1981 663 2016 secundi
675 1981 777 2023 pontilicis
789 1981 878 2024 Romani,
891 1982 941 2018 Nor-

83 2033 150 2068 bertus
166 2031 298 2074 Lotlraringus
314 2040 393 2073 genere,
408 2030 480 2066 divitiis
496 2031 555 2072 atque
570 2030 663 2066 facundia
678 2030 749 2072 clarus,
764 2032 857 2067 sacerdos
872 2032 942 2067 relicta

83 2081 143 2117 seculi
154 2090 228 2124 pompa
238 2081 347 2122 ordinatus,
358 2080 536 2122 Magdelrurgensis
547 2079 641 2125 ecclesiae
653 2080 759 2116 canonicus
770 2081 863 2122 existens,
875 2081 941 2116 divino

83 2130 153 2174 spiritu
163 2130 217 2166 vocis
226 2130 288 2166 instar
298 2131 373 2172 raptus,
383 2130 443 2165 verbo
453 2128 595 2171 predicationis
605 2128 685 2170 institit·
695 2130 759 2165 nudus
769 2130 842 2166 nudum
853 2130 941 2172 sequitur

65 2176 67 2179 ’
85 2179 191 2220 Christum·
202 2179 324 2220 quorundam
335 2178 395 2214 etiarn
406 2177 545 2224 religiosorum
556 2177 644 2213 moribus
655 2177 771 2219 exploratis,
782 2180 861 2220 sumpto
873 2179 941 2214 nabitu

83 2227 173 2268 candido,
186 2226 284 2263 internam
297 2226 369 2263 mentis
381 2226 494 2269 puritatem,
508 2225 599 2267 vitaeque
612 2225 746 2262 innocentiam
760 2227 867 2268 declarans,
882 2227 942 2263 vitam

82 2276 182 2313 inauditae
195 2276 316 2312 austeritatis
331 2275 442 2317 assumpsit.
456 2275 493 2310 Per
507 2274 587 2317 aliquod
602 2276 680 2317 ternpus
693 2276 750 2311 nudis
785 2276 844 2312 etiarn
859 2277 941 2312 brumali

84 2328 174 2368 tempore
185 2325 265 2361 incessit
276 2325 365 2368 pedibus.
377 2325 421 2360 Non
433 2324 509 2360 destitit
520 2325 601 2360 verbum
613 2324 649 2360 Dei
661 2333 762 2367 spargere,
774 2326 849 2361 animas
863 2321 953 2362 Clrristo'

84 2374 214 2410 lucrilaclens.
232 2372 263 2410 Ab
283 2373 372 2410 Honorio
392 2373 477 2415 benigne
497 2374 592 2415 exceptus
610 2373 686 2408 ordinis
705 2374 877 2409 contirrnationem
897 2384 942 2416 pre-

83 2422 235 2465 monstratensis
245 2432 303 2465 quarn
313 2422 420 2465 ilagitabat
430 2422 490 2464 digne
500 2423 618 2458 consecutus
628 2423 664 2457 est.
675 2421 692 2457 Α
704 2421 783 2458 Calixto
794 2424 942 2459 commendatur

84 2472 226 2508 Bartlrolomeo
237 2471 336 2515 Episcopo
347 2471 450 2513 Laudensi,
460 2480 499 2513 nuo
510 2471 601 2507 adiutore
611 2471 631 2506 in
642 2480 696 2513 pago
707 2471 878 2508 Premonstratum
889 2473 941 2508 dicto

83 2520 176 2557 divinitus
186 2520 294 2563 inspiratus
304 2519 378 2556 resedit
389 2519 454 2562 ibique
465 2519 574 2555 solitariam
586 2521 606 2555 et
616 2519 730 2561 religiosam
742 2521 802 2557 vitam
814 2530 882 2563 agens,
893 2522 942 2557 mul-

84 2571 154 2612 tosque
169 2570 246 2605 iratres>
258 2569 360 2612 colligens,
376 2568 465 2611 regulam
481 2568 548 2605 Sancti
564 2567 669 2611 Augustini
685 2570 777 2612 suscepit.
795 2570 843 2606 Vide
861 2570 943 2606 Vincen-

85 2620 133 2656 tium
148 2619 168 2655 in
183 2619 275 2661 Speculo,
290 2618 407 2655 Nauclerum
422 2618 571 2661 generationem
586 2618 616 2660 38,
631 2617 666 2660 [nl.
684 2618 797 2655 Vincentius
812 2620 942 2662 Belvacensis,

85 2666 277 2758 Specdlystorialff,
291 2666 419 2709 Argentorati
436 2667 487 2708 1473,
502 2665 519 2702 ll
533 2667 574 2703 229.
589 2666 634 2702 loll.
650 2666 763 2709 Nauclerus,
779 2667 897 2710 Clrronicon,
913 2669 942 2704 ed.

87 2716 138 2758 1516,
175 2716 259 2759 gens&

86 2765 125 2800 llet
137 2763 235 2807 opsclrritt
246 2764 297 2800 luidt
309 2764 335 2807 bii
347 2763 363 2799 Β
375 2763 445 2799 aldus:

86 2814 115 2851 De
127 2813 141 2849 F
143 2813 250 2849 undatione
262 2813 320 2849 Horti
332 2813 393 2850 Divae
407 2812 492 2855 Virginis
505 2811 624 2855 Marigaerd.

109 2862 128 2904 c)
155 2862 242 2904 Virginei
253 2863 299 2905 par
300 2871 328 2898 us

110 2911 131 2953 d)
110 2911 214 2947 d.add:
232 2920 253 2947 rn
265 2920 309 2954 ipsa
321 2910 442 2947 adolescen
435 2919 469 2953 ra

110 2960 130 3002 e)
155 2961 301 3003 grammatices·
325 2960 398 3002 trllls
412 2959 498 3002 rediens;
522 2959 545 3002 g)
558 2959 610 2995 add:
624 2959 718 3003 propriis·
743 2961 764 3003 n)
778 2961 855 2998 Nietin
868 2962 903 2998 liet
915 2962 944 2998 lrs

112 3059 120 3094 1
146 3056 176 3093 De
189 3056 239 3100 abdij
252 3057 395 3094 Matienweerd
407 3057 465 3100 nabij
473 3056 599 3100 Kuilenburg.
