2121 3546
563 234 592 279 82

149 354 260 401 orientali
274 354 397 402 obsidione
412 354 515 411 cingunt.
529 354 569 402 Ad
582 354 610 402 D.
625 354 834 402 Jacobiiestum1
848 352 957 401 Albanus
971 355 1006 400 in·

149 417 211 470 genti
226 419 318 471 sumpto
332 416 437 461 exercitu
450 416 477 472 a)
491 414 635 471 Groningam
648 416 745 460 veniens
759 413 916 460 Gosianorum
930 418 1009 459 castra

149 477 173 521 in
185 480 317 533 conspectu
328 475 408 522 habet
421 475 513 528 Quibus
525 478 582 523 visis
594 475 712 522 adornata
724 477 776 522 acie
788 476 876 522 infesto
889 491 960 522 cursu
971 477 1007 521 in·

149 537 253 592 sequitur
263 535 386 591 fugientes.
397 534 479 581 Caesis
488 538 512 580 in
521 535 640 592 praesidio
650 535 744 589 relictis,
754 534 852 581 ulterius
863 543 1007 591 progressus.

149 598 172 641 in
183 596 210 654 b)
220 595 374 653 Jemmengen
384 599 392 620 ²
402 596 455 642 illos
466 598 549 643 castris
560 597 661 643 necdum
670 599 764 643 munitis
771 599 849 644 otiose
858 596 966 650 oliendit,
976 595 1007 643 ad

149 660 259 704 virtutem
271 674 325 704 suos
337 658 450 712 hortatus¹
464 658 574 716 displosis
586 660 708 705 tormentis
721 658 810 703 invadit
823 662 846 703 et
858 658 936 702 vincit.
946 654 1009 701 'Tru-

149 720 257 766 cidantur
269 719 367 766 Gosiani
378 730 462 777 magno
474 737 577 774 numero,
590 721 674 778 quibus
687 720 718 766 ad
730 721 913 765 internecionem
925 716 1009 763 deletis

149 782 175 839 c)
189 781 244 838 iuga
257 781 388 828 Ludovicus
402 782 488 828 evadit.
503 781 556 834 Quo
570 783 634 829 iacta
648 781 800 828 Brabantiam
813 782 905 838 repetit.
921 778 1009 825 Occur-

149 860 203 889 rens
212 843 331 890 Auraicae
337 846 436 901 principi
463 843 580 891 Vilhelma
594 847 671 902 ipsum
685 843 777 890 fortiter
787 843 885 889 Mosam
899 844 1010 899 trajicere

149 906 217 960 cogit.
230 904 306 951 Frisia
316 909 376 951 istoc
386 911 476 952 terrore
487 905 587 952 liberata
598 905 766 963 rempublicam
777 904 910 951 liberiorem
921 903 1008 950 habuit.

150 965 220 1011 Anno
232 968 323 1012 1568111
334 969 390 1024 ipsis
401 967 507 1014 Paschae
518 970 525 992 ³
537 968 601 1014 leriis
613 967 740 1014 lsbrandus
751 972 835 1013 vocato
846 971 914 1024 patre
925 964 1009 1012 abbate

150 1025 219 1072 Horti
254 1027 282 1073 D¹
319 1027 457 1084 Godefrid0‚
493 1029 521 1075 D.
558 1029 662 1076 Henrico
699 1028 809 1076 Kesselio
845 1028 1007 1082 Dooeumano,

150 1085 268 1131 omnibus·
301 1104 396 1144 quoque
438 1087 594 1135 Lidlomensis
637 1090 776 1134 monasterii
819 1089 940 1133 canonicis
983 1089 1008 1132 in

151 1144 254 1191 ecclesia
291 1146 417 1204 capitulari
453 1147 561 1195 collectis
597 1147 681 1195 habita
717 1149 827 1194 oratione
863 1143 935 1203 longa
972 1148 1008 1193 sui

151 1206 327 1254 absolutionem
367 1206 441 1254 oflicii
459 1228 461 1230 ·
482 1223 633 1264 summopere
674 1208 767 1264 expetit
808 1210 833 1252 et
874 1210 901 1252 ut
943 1204 1008 1252 dicto

151 1267 198 1312 sint
250 1266 452 1323 obtemperantes.
498 1265 586 1313 obnixe
632 1270 692 1313 orat.
745 1265 875 1312 Monastici
921 1264 1008 1311 additis

151 1328 251 1371 orationi
268 1325 411 1372 lachrimulis
427 1328 485 1371 moti
501 1328 578 1382 ipsum
595 1324 729 1371 abdicatum
745 1324 834 1378 nolunt¹
852 1325 925 1381 magis
943 1328 969 1370 ut
986 1325 1010 1369 in

151 1387 353 1433 administratione
368 1392 456 1444 pergat¹
473 1391 562 1443 optant.
579 1386 623 1432 Ille
638 1403 664 1432 se
678 1386 722 1432 hoc
738 1389 827 1443 integre
842 1390 965 1443 praestare
980 1385 1010 1431 ob

151 1450 260 1504 ingentes
271 1447 408 1495 morborum
419 1447 504 1506 quibus
516 1448 671 1505 premebatur
681 1447 804 1494 molestias
816 1463 864 1494 non
875 1463 947 1505 posse
967 1446 1008 1493 ad·

151 1508 237 1553 firmat.
257 1506 308 1553 Hoc
326 1507 421 1553 tandem
440 1507 548 1565 precibus
567 1510 699 1564 impetrant,
719 1512 745 1553 ut
764 1508 832 1553 unius
852 1506 937 1552 saltem
955 1508 1011 1552 anni

151 1570 230 1626 spatio
247 1570 271 1614 in
281 1568 404 1615 iunctione
414 1573 564 1626 perseveret;
575 1585 605 1615 eo
616 1572 746 1623 transacto,
758 1570 778 1615 si
789 1567 819 1614 de
830 1584 873 1615 suo
884 1570 1008 1626 proposito

151 1627 208 1673 nihil
220 1630 330 1680 remittat,
343 1645 368 1673 se
380 1628 444 1685 quod
456 1645 486 1673 ex
498 1633 604 1684 tempore
615 1627 763 1674 commodum
775 1630 825 1682 erit,
839 1627 943 1674 tacturos
956 1643 1010 1684 pro-

151 1691 255 1735 mittunt.
270 1689 334 1735 Anni
349 1694 486 1736 transcurso
502 1690 586 1746 spatio.
603 1688 689 1735 eodem
704 1693 868 1742 convocantur
882 1688 930 1743 die;
946 1688 1009 1736 idem

151 1748 215 1805 quod
231 1765 293 1794 anno
310 1750 425 1805 superiori
442 1750 548 1805 petierat,
566 1749 651 1794 obnixe
668 1748 767 1805 flagitat.
800 1748 935 1806 Antequam
952 1747 1011 1794 haec

151 1810 237 1855 tierent
252 1815 363 1856 autumno
377 1813 505 1866 praeterito
520 1812 597 1867 ipsum
612 1827 642 1855 ex
657 1820 713 1866 agro
729 1809 880 1865 Groningano
896 1808 1011 1856 salutarat

152 1870 223 1917 abbas
248 1871 382 1917 Marnensis
408 1871 512 1917 Joannes
531 1870 684 1926 Geelmuden,
702 1871 858 1917 Lidlomensis
875 1873 1011 1917 monasterii

151 1934 286 1986 canonicum
297 1932 336 1978 hic
346 1934 419 1990 priori
429 1932 457 1979 D,
468 1931 560 1979 Victori
570 1936 594 1979 in
604 1932 858 1991 prioratuBaiomensi
869 1932 1008 1987 succedens.

152 1992 303 2048 postmodum
316 1994 394 2038 camis
408 1991 515 2039 debitum
528 1991 638 2039 solvente
651 1993 679 2039 D.
694 1992 788 2040 Joanne
800 1991 963 2051 Veydmanno.
978 1992 1010 2039 ad

151 2052 325 2108 praefecturam
336 2054 471 2097 monasterii
483 2052 616 2098 Marnensis
628 2051 723 2105 electus.
737 2068 827 2098 summa
839 2052 909 2098 laude
921 2057 944 2098 et
956 2069 1011 2109 pru·

152 2113 232 2159 dentia
240 2113 350 2170 praefuit.
360 2112 387 2158 In
395 2116 448 2169 ipsa
457 2112 598 2159 salutatione
608 2113 735 2160 lsbrandus
745 2115 816 2160 animi
825 2116 862 2160 sui
870 2116 1012 2160 sententiam

153 2173 239 2220 Joanni
254 2173 332 2220 abbati
347 2174 456 2232 explicat,
473 2175 548 2232 deque
563 2175 605 2221 illo
619 2175 781 2222 substituendo
796 2175 868 2222 verba
882 2176 946 2230 iacit,
962 2193 1010 2222 om·

152 2236 219 2282 nibus
233 2238 302 2293 igitur
315 2237 390 2282 modis
403 2236 464 2283 hunc
477 2236 542 2283 velut
555 2239 600 2294 ipsi
613 2237 849 2295 obsequentissimum
862 2238 967 2285 {uturum
981 2237 1012 2285 ad

152 2298 255 2343 futuram
274 2298 411 2354 dignitatem
429 2315 472 2355 per
491 2298 654 2345 submissarios
674 2304 802 2357 promovet.
823 2298 952 2357 impetrata
971 2299 1011 2346 ab·

152 2359 268 2405 solutione
281 2362 448 2417 promittuntur
461 2363 532 2406 annui
546 2364 589 2407 500
603 2360 695 2407 iloreni.
710 2360 752 2407 His
767 2366 831 2407 certa
845 2378 875 2408 ex
889 2366 1011 2419 praestan-

152 2421 214 2467 tiore
232 2420 375 2478 supellectili
392 2421 511 2468 adduntur
529 2421 634 2469 donaria.
653 2422 776 2470 Confectis
794 2440 824 2470 ea
841 2422 872 2470 de
889 2440 916 2470 re
934 2423 1009 2471 literis

152 2496 216 2526 nova
237 2482 310 2526 initur
332 2478 427 2527 electio.
450 2480 575 2528 Communi
590 2481 689 2528 decreto
704 2481 811 2529 Joannes
827 2481 1010 2531 Geelmudensis

176 2655 196 2698 a)
221 2655 314 2692 Bruxella
325 2663 407 2691 movens
419 2654 542 2697 Gronr'ngam
548 2665 557 2697 ,-

177 2705 198 2747 b)
222 2705 348 2747 remigem

176 2755 195 2797 r)
220 2754 330 2792 Ludovicus
340 2756 421 2797 arrepta
431 2755 502 2798 cumba
514 2754 612 2791 traiiciens
622 2753 716 2791 Amasum
727 2754 793 2791 salvus
804 2754 870 2792 evadit
876 2765 884 2798 ;

177 2856 188 2939 i
212 2854 298 2946 bibli}
310 2903 336 2945 bij
349 2901 441 2945 „lemgum
452 2902 506 2938 werd
518 2903 539 2938 21
554 2900 593 2938 Juli
607 2901 705 2945 geleverd.
719 2901 751 2938 Zie
763 2901 784 2938 P.
798 2902 843 2948 Bor,
857 2902 1011 2940 Nederlantsche

213 2950 330 2994 oorloglren,
346 2949 425 2993 Leyden
442 2950 492 2993 1621,
508 2949 543 2987 fol.
561 2949 602 2993 175;
618 2949 638 2986 P.
655 2949 672 2986 J.
688 2949 744 2995 Blok,
760 2949 860 2994 Lodewijk
876 2961 913 2987 van
930 2951 1011 2997 Nassau,

177 3046 189 3082 3
214 2996 366 3089 'Ingggssielnhage
380 2998 431 3042 1889,
444 3008 462 3041 p.
474 2998 503 3035 66.
517 2997 546 3033 De
558 2996 661 3041 dateering
674 3007 712 3034 van
724 2996 833 3036 Sibrandus
845 2999 862 3036 is
875 2997 917 3035 hier
930 2999 1011 3058 onjuist.
