2121 3546
561 199 591 247 26

146 321 251 369 redemit.
266 321 345 369 Novas
359 321 495 369 colonorum
508 325 532 368 in
546 321 682 369 Backaleen
696 322 767 369 'aedes
781 324 873 369 struxit.
889 323 916 381 α)
929 321 1010 369 Eccle-

146 386 196 431 siae
207 401 288 430 curam
300 386 424 438 sustinens,
437 387 522 430 tunicis
536 386 622 439 sericis,
636 384 698 442 pedo
711 389 829 441 argenteo,
843 401 886 430 sex
899 384 1010 430 calicibus

147 460 177 492 ex
193 462 271 492 massa
287 445 370 492 eadem
387 445 500 491 conlectis
518 463 570 491 eam
586 448 684 491 ornavit,
719 445 783 491 Inter
800 445 903 503 reliquos
920 445 1010 491 Frisiae

148 506 244 553 abbates
254 509 399 563 conspicuus,
410 505 554 562 gravioribus
564 508 655 564 patriae
664 509 741 553 causis
750 505 851 562 additus,
861 522 928 552 suum
936 521 1010 564 quan-

151 567 228 624 doque
237 569 369 613 intercessit
379 572 495 613 maturum
505 566 634 613 consilium.

152 628 228 683 Ipsius
252 632 357 684 tempore
380 627 409 673 ob
433 626 533 673 schisma
557 629 748 673 nocentissimum
772 627 862 673 Frisiae
885 629 957 674 totius
983 627 1010 686 b)

151 687 317 744 Sciringiorum
338 692 361 733 et
381 687 604 745 Vetcoperanorum,
626 688 683 734 dum
703 693 784 733 mutua
806 688 906 741 laniena,
930 688 1009 741 caede,

151 748 214 793 furto
241 753 265 793 et
292 750 376 805 rapina
403 752 454 793 tota
481 748 614 794 turbaretur
643 747 783 805 respublica,
813 747 1011 805 Groningensinm

151 811 264 865 requisita
295 810 408 854 autoritas
438 807 552 865 opulenta
583 813 606 854 et
636 808 722 854 valida.
755 807 799 854 Hic
830 825 882 854 cum
914 808 1010 866 reliquis

151 868 287 925 deputatis:
315 868 400 914 abbate
427 867 520 914 Joanne
547 870 570 913 in
597 867 709 921 Doclrum,
738 867 873 914 Hermanno
902 871 925 913 in
953 868 1010 914 Fos-

151 930 230 982 vert1,
257 928 374 974 Vilhelmo
400 933 495 985 pastore
522 927 680 985 Groningano,
696 928 712 973 Ι.
728 928 756 974 U.
785 928 887 983 doctore,
915 933 1011 986 pastor'e

146 991 170 1035 in
188 989 260 1035 Beem
279 991 287 1012 ²
305 994 328 1035 et
347 988 473 1043 Fermsom,
494 988 621 1035 Caesarem
639 988 770 1034 Romanum
789 988 909 1043 adeuntes,
930 989 1010 1035 literas

147 1055 230 1096 aurato
246 1049 322 1107 sigillo
338 1053 439 1096 munitas
455 1053 587 1106 impetrant,
604 1048 687 1107 quibus
704 1049 794 1096 Frisiae
810 1052 881 1096 totius
897 1049 972 1096 tutela
988 1055 1012 1096 et

146 1114 302 1169 patrocinium
313 1114 406 1157 senatui
416 1113 568 1157 committitur
579 1111 694 1168 praelato.
706 1112 733 1169 c)
746 1110 810 1157 Haec
822 1114 845 1157 in
857 1114 940 1157 maiori
952 1111 1011 1157 libro

151 1190 166 1218 a
177 1173 243 1219 nobis
255 1176 342 1230 scripto
354 1178 377 1218 et
388 1172 458 1218 edito.

151 1233 181 1291 d)
200 1234 271 1279 Anno
294 1236 351 1279 1500
371 1232 480 1279 inductus
502 1232 614 1279 Albertus
636 1235 742 1289 potentia
764 1232 931 1289 Sciringiorum
952 1232 1011 1279 Ves-

151 1296 316 1350 tergoensium.
344 1293 370 1351 e)
398 1292 459 1340 Huic
486 1310 516 1339 ex
543 1295 620 1339 causis
649 1293 735 1340 auditis
764 1293 786 1351 l)
814 1309 899 1350 parum
927 1294 1011 1339 faustis

152 1354 239 1400 Biltam
266 1357 337 1400 maris
366 1353 484 1400 alluvione
513 1358 636 1406 accretam,
666 1356 731 1399 cuius
761 1353 840 1410 ampla
869 1356 1011 1399 monasterio

148 1415 219 1461 ducta
233 1415 298 1460 iossa
312 1416 389 1460 extitit
403 1416 527 1471 possessio,
543 1415 631 1469 ingenti
645 1418 723 1459 erecto
738 1423 823 1470 aggere
837 1413 950 1460 adversus
965 1416 1012 1460 vim

147 1478 218 1522 maris
233 1475 368 1521 inundantis
384 1477 455 1521 tutari
470 1480 543 1520 curat.
560 1473 612 1526 Quo
628 1474 697 1528 iacto,
714 1474 795 1520 Frisiis
811 1474 884 1521 littori
899 1478 1011 1532 proximis

154 1542 177 1583 et
188 1536 241 1583 huic
252 1539 394 1582 monasterio
407 1553 496 1582 summa
508 1536 621 1593 pascendi
633 1538 724 1592 pecoris
737 1535 833 1582 libertas
846 1536 957 1594 adempta
969 1541 1011 1585 est.

147 1599 175 1657 g)
193 1598 247 1656 Ipse
266 1615 292 1644 se
309 1615 411 1655 suosque
429 1614 509 1643 ornnes
529 1614 556 1643 eo
575 1597 638 1643 iacto
657 1597 763 1643 fraudari
782 1600 892 1652 sentiens,
912 1598 1012 1644 indoluit

154 1660 229 1714 valde,
241 1665 264 1705 et
273 1676 345 1717 quum
354 1659 419 1706 nulla
429 1659 493 1716 quod
502 1661 613 1705 amiserat
623 1663 675 1704 arte
684 1664 764 1715 posset
774 1676 922 1716 recuperare,
933 1660 1012 1705 taedio

149 1737 304 1779 moeroreque
324 1721 452 1774 coniectus,
475 1720 603 1770 aecerlente
624 1723 689 1766 senio
711 1721 742 1766 de
761 1721 893 1767 abdicando
914 1738 1010 1768 munere

147 1785 241 1841 cogitat.
255 1783 329 1829 Misso
342 1782 404 1828 clam
416 1782 632 1828 Praemonstratum
645 1784 736 1835 nuncio,
751 1785 956 1829 manumissionem
970 1786 1012 1830 im·

152 1850 237 1903 petrat,
251 1845 374 1890 Accersito
389 1843 473 1889 abbate
486 1843 629 1889 Lidlomensi
643 1843 671 1889 D.
686 1844 756 1889 Petro
771 1844 799 1902 h)
811 1843 903 1898 Valkio,
919 1844 1012 1891 Joanne

148 1906 168 1964 i)
182 1905 329 1952 Duvelandio
343 1904 429 1950 abbate
442 1906 465 1949 in
479 1903 591 1958 Doclrum,
606 1904 712 1950 omnibus
726 1905 750 1962 Ι)
763 1907 797 1950 rei
811 1907 934 1951 veritatem
948 1907 1012 1962 igno-

147 1967 259 2020 rantibus.
270 1968 294 2012 in
304 1966 388 2012 aedem
396 1965 551 2023 capitularem
560 1968 685 2011 canonicos
695 1970 849 2023 caeterosque
858 1982 939 2012 omnes
949 1969 1013 2013 coire

148 2030 269 2086 praecipit,
281 2027 350 2074 simul
361 2027 466 2073 collectis
477 2027 505 2084 k)
517 2029 588 2072 animi
599 2029 635 2073 sui
646 2029 788 2073 sententiam
798 2027 909 2084 explicat.
921 2027 1012 2075 Coeno·

148 2090 211 2136 bitae
228 2091 278 2135 viro
295 2088 401 2135 omnibus
419 2088 494 2134 modis
512 2094 598 2145 negant
615 2088 760 2134 admissuros
777 2091 959 2145 resignationem
977 2091 1014 2137 sni

173 2238 193 2281 a)
218 2247 271 2274 om:
290 2236 414 2273 Ecclesia-
427 2236 519 2279 ornavil;
611 2235 632 2276 b)
657 2235 839 2279 Sciringianorurn;

172 2288 191 2330 c)
216 2297 269 2324 om:
287 2287 340 2323 llaec
350 2307 375 2312 -
385 2286 439 2322 edito
446 2297 453 2328 ,¹
470 2285 529 2322 arla:
546 2294 585 2327 qno
597 2294 640 2322 cum
652 2285 696 2322 liuic
708 2286 784 2322 Talrorri
795 2287 820 2322 <ie
832 2287 949 2329 quibusdam
959 2286 1013 2329 agris

148 2346 224 2374 summa
234 2337 273 2372 luit
285 2336 402 2378 sementim

172 2386 193 2429 d)
220 2386 318 2427 Georgius
332 2386 385 2421 Saxo
399 2393 452 2420 anno
466 2386 513 2427 posi
528 2384 573 2420 1505
588 2383 660 2420 Bitiam
673 2384 733 2421 maris
747 2384 846 2421 alluvione
860 2386 958 2421 accrelarn
973 2395 1012 2422 nno

149 2445 223 2479 aggere
235 2436 311 2471 marino
323 2434 381 2470 simul
393 2434 537 2470 circumducere
550 2433 575 2469 ad
586 2433 720 2476 prohibendae
732 2434 792 2470 maris
803 2434 850 2470 salsi
873 2434 1013 2471 inundationes

149 2485 240 2522 decrerit.
254 2484 364 2527 Quoiaclo
382 2494 390 2525 ;

173 2534 192 2576 e)
217 2534 247 2570 De
259 2533 290 2569 zirr
302 2533 319 2568 is
332 2533 428 2574 bliilrbaar
440 2533 528 2574 corrupt,
540 2541 590 2567 voor
609 2531 670 2567 liuic
689 2532 793 2569 misschien
812 2532 855 2568 liic
874 2534 894 2569 le
906 2533 962 2570 lezen
969 2544 977 2576 ;

176 2583 194 2625 i)
225 2583 241 2618 Α
253 2583 316 2619 lieeli:
328 2582 380 2618 liaud
391 2582 434 2617 lrall
445 2581 590 2623 energemate,-

173 2631 195 2675 ς)
222 2631 293 2667 Videris
304 2631 327 2668 D⁴
339 2630 393 2666 Talro
404 2639 445 2666 rem
456 2629 493 2666 sibi
505 2638 548 2666 esse
559 2638 602 2666 curn
613 2629 658 2672 ipso
671 2628 744 2666 Veiove
756 2630 839 2666 tonante
856 2630 955 2673 indoluil;

172 2730 188 2772 i)
219 2728 356 2772 Duivelando;

173 2779 191 2822 l)
222 2779 268 2821 quiri
280 2779 369 2815 futurum
382 2779 449 2820 εκεῖ,-

173 2828 195 2871 ll)
220 2828 278 2865 adri:
297 2828 364 2864 liabita
377 2827 469 2863 oratione
481 2825 543 2869 longa
549 2837 557 2868 ,-

179 2929 187 2964 l
213 2926 311 2971 Foswerd,
327 2925 521 2963 Premoustraienser
537 2924 708 2962 nonnenklooster
724 2925 749 2968 bii
766 2924 860 2970 Marium,
876 2925 958 2963 W.Z.W.
975 2937 1012 2963 van

178 3026 189 3061 2
213 2975 340 3069 {Igiliiidten
351 3022 373 3059 N.
385 3033 422 3060 van
435 3021 558 3065 Groningen
