2121 3546
479 217 508 261 97

70 339 130 378 modo
144 339 227 377 humiles
241 343 260 377 et
275 340 329 383 parvi
344 340 393 377 muri
408 340 515 385 restabant,
530 351 599 385 parum
613 340 701 378 valentes
713 340 742 383 a).
757 339 861 378 Hicetiam
873 351 919 384 por-

62 391 122 428 ticum
135 390 221 433 ligneum
232 390 280 427 satis
291 390 417 434 denigratum
428 401 451 427 ac
462 391 505 434 pice
517 391 594 428 linitum
605 391 687 429 formari
699 390 752 435 fecit,
764 390 827 427 veteri
839 388 923 434 lapideo,

64 449 75 476 a
88 438 235 481 dominoPaulo
247 443 345 485 extructo,
357 441 410 479 iussu
422 442 525 478 consulum
537 441 700 478 Lewerdiensium
712 441 790 486 penitus
803 443 876 478 amoto.
889 438 926 477 Hit

64 490 124 527 etiam
135 490 277 535 braxatorium,
289 490 362 528 cotidie
374 491 450 528 ruinam
462 491 544 536 minans,
557 492 642 534 ingenue
654 492 703 529 iuvit
715 502 738 528 ac
750 491 873 528 restauravit.
887 489 923 527 Hic

62 539 122 576 etiam
129 538 275 583 domumquam
281 538 373 578 dominus
378 538 434 577 Tako
442 542 564 584 extruxerat,
571 540 604 576 ubi
611 540 703 577 anImalia
709 541 852 584 mactabantur,
860 549 871 575 a
878 539 923 577 loco

63 597 100 624 suo
113 587 184 624 avulsit
197 590 256 631 atque
268 588 287 624 in
301 588 340 625 alio
354 588 398 625 Ioco
410 589 482 625 iterum
495 591 612 625 restauravit
625 590 645 624 et
658 589 727 633 erexit,
741 587 814 625 addens
827 586 925 631 quandam

64 637 134 680 aulam,
148 638 180 674 ubi
195 647 262 673 currus
276 647 322 674 suus
335 641 453 680 servaretur,
468 641 488 674 et
501 639 591 682 superius
606 648 708 681 cameram,
722 639 742 674 In
757 648 795 681 qua
809 639 922 675 cellerarius

64 684 168 722 habitaret.
184 683 229 726 (Hic
245 685 266 726 b)
282 685 341 722 etiam
357 686 486 724 refectorium
500 685 657 730 canonicoIrum]
674 686 764 728 superius
780 686 836 724 novis
853 685 922 722 asseri-

64 734 100 770 bus
112 732 211 778 [muni1vit
222 744 245 770 ac
255 733 337 770 inferius
347 734 410 771 fucari
421 734 483 777 fecii.)
497 733 545 771 Item
556 734 604 771 fecit
616 733 668 770 haud
679 734 748 778 procul
760 735 784 771 ab
796 732 866 772 eodem
878 734 922 771 loco

64 792 168 826 cameram,
179 782 199 819 in
211 792 249 824 oua
261 791 307 820 suus
319 782 404 819 famulus
417 785 437 819 et
449 785 515 820 custos
527 783 623 826 sespitum
635 782 643 804 1
656 792 748 821 cumsuo
760 782 836 819 famulo
848 782 924 819 habita-

64 835 113 869 rent.
127 832 231 870 Postremo
244 832 344 869 edificavit
358 832 460 870 officinam
474 833 529 869 quta
543 833 623 870 domum
638 833 781 878 capitiularem,
794 833 814 870 In
828 843 866 876 qua
881 833 924 869 libri

65 883 122 925 ligari
131 884 151 918 et
160 883 249 920 clausure
258 882 347 919 codIcum
356 883 457 926 preparari
467 883 561 920 deberent
570 894 575 927 ;
591 886 611 920 ct
620 882 683 920 adhuc
692 882 740 920 duas
751 883 799 921 alias
808 883 922 926 cameratas,

64 933 100 966 etc.
115 952 138 957 -
152 931 207 967 Obiit
221 941 273 968 anno
287 931 366 969 Domini
382 931 433 975 1541,
448 931 474 967 IV
488 930 585 978 Kalendas
600 931 700 975 februarii,
715 932 842 975 sepultusque
858 932 921 968 estin

64 978 125 1016 choro
139 979 218 1015 manris
231 979 313 1016 ecclesie
326 990 337 1014 a
350 980 412 1015 latere
425 978 531 1015 venerandi
544 978 618 1016 domini
631 978 686 1015 Pauli
700 978 799 1022 quondam
813 980 894 1016 abbatis.

90 1025 196 1071 Iohannes,
209 1025 271 1070 huius,
284 1027 368 1064 nominis
380 1026 477 1063 secundus
490 1026 550 1063 abbas
562 1026 618 1064 huius
632 1027 669 1064 Ioci
682 1026 768 1070 XXVIII,
781 1026 855 1070 prefuit
868 1027 924 1064 annis

64 1076 80 1119 4,
90 1077 110 1111 et
119 1073 311 1111 22=hebdomadibus

89 1122 151 1165 Volgi
161 1132 203 1166 nog
212 1122 250 1160 leis
261 1132 308 1159 over
319 1122 421 1159 Jonannes
432 1123 517 1165 Hasselt,
528 1124 562 1160 dat
573 1122 710 1166 doorgelraald
720 1123 737 1160 is
749 1132 773 1160 en
785 1132 821 1160 een
832 1122 922 1160 loidlclii.

65 1171 107 1207 Met
117 1180 153 1207 een
164 1171 237 1208 andere
247 1171 300 1208 band
309 1171 326 1208 is
337 1180 358 1208 er
368 1171 567 1215 undergesclireven:

90 1218 176 1256 Iohanni
192 1218 271 1257 Hasselt
287 1220 380 1257 successit
396 1218 486 1257 dommus
503 1218 598 1256 Henricus
614 1218 716 1263 Wolvega
733 1219 765 1263 qui
782 1219 884 1263 depositus
900 1220 924 1256 ab

64 1266 138 1311 offitio,
150 1268 212 1304 multa
223 1267 290 1304 debita
301 1267 385 1311 reliquit.

89 2741 110 2783 a)
135 2740 190 2783 Riina
202 2742 251 2777 twee
263 2740 328 2784 regels
340 2740 482 2783 doorgeliaald.

19 2820 21 2822 .
90 2791 111 2832 b)
136 2790 245 2827 Hic-mean·
256 2790 305 2827 iecit
316 2791 334 2827 is
345 2801 373 2835 op
385 2791 423 2828 den
435 2791 485 2828 rand
497 2790 649 2835 biigescnreven.
662 2790 737 2834 Eenige
749 2790 819 2827 letters
831 2791 852 2827 In
864 2790 925 2826 dezen

66 2841 132 2878 volzin
142 2841 180 2884 ziin
189 2842 230 2878 met
239 2841 273 2878 Iret
282 2841 379 2884 aisniiden
389 2850 427 2878 van
438 2841 475 2878 den
486 2841 549 2878 codex
559 2841 650 2877 verloren
660 2849 744 2884 gegaan.

91 2936 99 2973 1
126 2911 283 2979 Waarschiinlijk
291 2935 316 2972 de
326 2946 376 2981 man,
386 2935 417 2973 dle
427 2936 491 2973 belast
500 2945 539 2973 vas
549 2938 590 2973 met
599 2935 623 2972 de
633 2946 682 2979 zorg
692 2946 742 2975 voor
752 2935 776 2973 de
786 2935 926 2973 brandstoffen

126 2985 288 3074 vzn'r'ttficstnht,
298 2986 323 3023 de
332 2985 467 3025 turfvaarder.
478 2985 549 3032 Sespes
559 2984 617 3031 (voor
627 2986 704 3032 cespes)
714 2987 731 3024 Is
741 2986 755 3023 't
765 2996 848 3031 gewone
858 2985 927 3026 woord
