2121 3546
529 258 558 307 52

114 379 274 430 Memorabilis
300 400 384 440 nempe
410 400 471 429 anno
497 383 660 440 praefecturae
686 388 777 442 quarto,
805 380 887 430 salutis
916 383 970 430 1351

114 446 187 501 pestis
199 443 340 500 Hamburgo.
350 443 443 497 Brema,
456 442 609 501 Emdanoque
620 446 732 490 comitatu
743 460 873 501 prorepens
886 446 973 490 sensim

114 502 289 560 Groninganam
303 505 407 560 pervasit
421 503 533 549 ditionem
545 521 549 557 ;
572 504 691 560 proditum
704 520 789 561 nempe
803 509 839 550 est
853 520 882 550 ea
896 503 935 549 lue
949 505 971 549 in

115 564 205 622 Campo
221 564 337 611 Rosarum
358 564 529 621 [Nyecloesterl
550 567 558 588 ¹
575 567 691 611 interiisse
708 582 738 611 ex
755 567 828 611 sacris
846 565 972 622 virginibus

114 628 149 679 80,
174 628 198 669 in
222 624 317 670 Florido
342 623 417 670 Horto
444 623 601 681 (Vitteviromj
621 628 651 670 20
667 627 779 679 canonici,
797 626 878 671 novitii
898 627 931 678 12,
949 630 972 670 et

113 689 220 729 nostrum
229 683 367 730 coenobium
377 700 406 730 ea
415 684 470 730 tabe
480 685 593 731 iniectum
603 684 689 730 multos
700 701 730 730 ex
741 684 852 731 iratribus
864 683 972 740 absump·

114 748 150 799 sit,
184 750 303 802 postremo
335 745 494 791 venerabilem
526 745 554 791 D.
589 744 735 792 Vibrandum
769 745 878 791 abbatem
911 762 973 791 anno

115 807 178 850 1351.
195 804 332 857 Adveniens
349 810 417 862 pater
433 804 505 851 abbas
522 804 601 862 Verpo
618 803 719 851 Tziarda
736 804 894 851 Hallomensis
911 807 990 851 iusta*

113 871 139 912 ut
150 865 261 912 defuncto
270 865 396 923 persolvat,
408 866 439 912 ad
450 866 536 923 gradus
547 866 687 924 presbyterii
697 869 721 912 in
732 866 809 913 medio
820 867 886 913 chori
896 869 973 924 ipsum

113 926 264 973 tumularunt.

386 991 495 1041 Syardus
506 991 532 1034 Π
544 991 619 1035 abbas
631 990 698 1034 XVI.

113 1114 214 1171 Verpius
230 1118 298 1170 pater
314 1112 386 1159 abbas
401 1129 431 1158 ne
446 1114 572 1169 quicquam
587 1111 721 1158 detrimenti
736 1116 857 1169 pateretur
873 1109 973 1158 ecclesia

114 1192 157 1222 suo
172 1175 255 1221 orbata
270 1180 371 1231 pastore,
389 1174 474 1219 iratres
490 1173 593 1231 undique
609 1176 696 1219 accitos
712 1178 844 1230 congregat,
861 1173 972 1220 collectos

115 1237 145 1283 de
156 1254 218 1283 nova
229 1236 332 1282 ineunda
344 1234 458 1281 electione
470 1234 583 1281 hortatur.
597 1234 697 1281 Domum
710 1234 819 1281 electioni
832 1235 973 1281 destinatam

116 1296 273 1353 ingredientes
286 1294 386 1352 Spiritus
399 1293 480 1340 Sancti
492 1293 582 1350 largam
593 1294 720 1351 implorant
732 1297 837 1350 gratiam,
850 1311 897 1352 qua
910 1295 974 1340 iacta

114 1363 234 1414 pastorem
266 1357 380 1403 ecclesiae
412 1355 583 1402 Berlkomanae
615 1361 769 1412 cognomento
802 1355 912 1413 Tuitgum
944 1356 972 1403 D.

115 1417 233 1475 Syardum
243 1419 318 1463 virum
329 1417 417 1472 pietate
428 1417 542 1472 insignem
553 1418 656 1461 unanimi
668 1432 784 1461 consensu
796 1415 890 1473 eligunt.

115 1476 159 1522 Hic
170 1477 284 1522 ecclesiae
296 1475 468 1521 Vinssomensis
481 1479 504 1520 et
515 1479 596 1532 pastor
608 1480 632 1520 et
644 1475 746 1521 decanus
759 1477 869 1530 existens.
883 1491 926 1522 sua
938 1477 972 1520 in·

115 1537 205 1583 dustria
214 1540 322 1593 paratam
331 1537 454 1591 pecuniam
463 1550 553 1580 summa
563 1534 618 1587 fide,
629 1551 708 1580 amore
718 1539 741 1580 et
751 1534 884 1581 obedientia
894 1534 973 1581 abbati

115 1612 157 1642 suo
180 1595 208 1641 D.
232 1595 349 1651 Kemponi
372 1598 395 1639 et
417 1593 538 1639 Vibrando
561 1599 585 1639 et
608 1593 739 1640 Gadeirido
763 1599 868 1651 tempore
892 1593 972 1640 admo-

116 1656 172 1702 dum
192 1654 329 1700 calamitoso
350 1653 440 1707 obtulit,
462 1669 509 1710 qua
530 1655 664 1709 integritate
685 1653 831 1700 adiuturam
854 1654 973 1710 dignitatis

116 1718 266 1763 eminentiam
295 1732 391 1762 suorum
420 1718 509 1761 animos
540 1715 610 1761 lacile
640 1717 797 1772 praeparavit.
836 1715 874 1761 Ab
905 1720 973 1773 patre

114 1779 199 1824 abbate
211 1777 370 1830 confirmatus,
384 1776 413 1822 ob
426 1781 553 1833 perpetuas
566 1793 596 1822 ex
609 1777 755 1833 aegritudine
768 1779 854 1823 invicta
868 1779 972 1834 corporis

113 1838 233 1884 molestias
242 1839 441 1882 consecrationem
451 1836 547 1890 distulit.
557 1853 586 1881 ne
595 1841 702 1893 sumptus
711 1836 804 1882 inutiles
820 1865 851 1871 —
860 1837 889 1883 de
898 1841 973 1883 morte

113 1901 242 1944 imminenti
259 1897 355 1944 occultis
372 1898 463 1943 indiciis
480 1903 557 1943 certus
573 1925 603 1932 -
628 1897 723 1944 laceret.
741 1897 845 1944 Calicem
861 1916 891 1944 ex
907 1915 972 1944 mero

114 1965 211 2017 argento
223 1959 252 2005 ab
264 1976 278 2005 α
279 1960 291 2017 )
303 1959 400 2004 aurifice
412 1958 526 2004 Hobbone
537 1961 561 2004 in
572 1958 671 2004 Letzens
681 1961 688 1981 ²
697 1959 785 2005 tactam
793 1962 829 2005 sui
837 1962 973 2006 memoriam

113 2021 254 2076 relinquens.
266 2022 306 2064 vix
316 2021 384 2064 unius
395 2021 450 2064 anni
460 2023 557 2075 peracto
568 2022 645 2075 spatio
656 2021 679 2064 in
690 2018 790 2064 Domino
802 2021 899 2065 moritur
911 2035 972 2065 anno

115 2086 196 2137 partus
213 2079 350 2126 salutiferae
367 2083 424 2125 1352
440 2080 519 2136 vigilia
534 2082 585 2125 nati
600 2078 623 2125 S.
641 2079 755 2126 Johannis
772 2079 901 2137 Baptistae.
919 2083 927 2104 ³
944 2080 972 2126 D.

115 2141 232 2187 Vilhelmo
254 2141 342 2198 Verpio
366 2141 468 2187 adducto
492 2144 568 2198 ipsum
592 2141 680 2187 elatum
696 2142 839 2199 sepelierunt
855 2145 879 2188 in
895 2142 972 2188 medio

113 2203 178 2249 chori
187 2208 242 2249 ante
251 2204 337 2259 gradus
347 2203 502 2260 praesbyterii
511 2203 526 2249 b
526 2204 545 2261 )‚
555 2206 607 2260 ipso
616 2208 684 2260 patre
694 2203 779 2250 abbate
788 2204 858 2250 funus
868 2208 972 2250 curante,

367 2327 529 2371 Theudoricus
544 2327 619 2372 abbas
633 2327 714 2371 XVII.

113 2449 200 2496 Decem
214 2450 315 2507 peractis
331 2447 412 2493 diebus
427 2446 454 2492 D.
470 2446 570 2503 Verpius
585 2446 686 2493 Tziarda
700 2451 768 2503 pater
783 2446 855 2493 abbas
870 2418 971 2503 rediens,

115 2513 167 2567 ipso
182 2509 220 2555 die
234 2507 352 2553 Translati
366 2506 394 2551 D.
410 2506 507 2552 Martini
522 2508 531 2529 4
545 2505 653 2552 electioni
668 2523 743 2552 novae
758 2507 903 2564 praesidens,
919 2513 973 2565 post

137 2786 156 2828 a)
181 2786 198 2823 Α
210 2796 256 2823 om:
269 2787 299 2823 ab.
311 2786 335 2822 B:
347 2786 451 2828 Hobbone*

135 2835 156 2876 b}
183 2835 281 2871 Vibrando
296 2834 443 2870 contumulatus
450 2846 457 2876 ,-

136 2935 144 2969 l
171 2932 342 2976 Nijekloosterbij
354 2932 498 2976 Appingedam.
847 2968 848 2971 ,

135 2984 147 3067 Ξ
171 2983 313 3068 gothffltttens
328 2981 509 3024 (Aesterletzenset
524 2981 615 3061 tusscticn
630 2981 731 3019 Bctsward
745 2993 769 3019 en
784 2982 921 3058 Leeuwarden.

134 3081 146 3116 4
170 3078 238 3116 riuti.
