2121 3546
477 263 507 311 39

61 385 162 446 reliquis
182 386 294 434 iratribus
314 403 417 434 numero
431 386 587 445 quadraginta
608 389 694 444 partim
715 386 798 433 Baiom
818 386 924 443 migrant.

65 449 150 507 reliqui
162 448 289 495 in‘Lidlom
302 465 328 495 se
340 449 471 495 conferunt,
485 448 655 495 Monasterinm
669 449 772 495 dirutum
784 449 926 494 transfertur

68 512 99 558 ad
110 513 277 557 monasterinm
289 511 428 567 praelatum,
442 509 530 556 sacello
542 510 623 557 relicto
636 513 701 557 cuius
715 511 742 568 a)
754 515 835 556 nostro
847 509 926 556 seculo

66 574 220 631 fundamenta
237 578 300 618 terra
317 577 384 619 eruta
401 589 454 618 cum
470 572 560 629 aliquot
584 578 729 619 mortuorum
753 574 839 618 craniis
864 588 918 618 con·

66 637 192 692 speximus.
560 649 562 652 ·

67 696 208 742 Clarnernnt
218 698 242 742 in
252 694 343 742 Lidlom
353 695 420 742 multi
430 697 532 752 insignes
543 698 631 753 pietate
642 701 665 742 et
676 696 783 742 doctrina
794 697 838 741 viri
849 711 926 741 sacer-

68 758 143 803 dotes:
156 757 184 802 D.
197 757 276 814 Aesgo
289 757 318 802 de
329 757 446 813 Bosegum
461 757 566 813 (Bosum)
582 759 597 811 ²,
611 756 716 814 Syardns
728 760 791 803 omni
804 757 927 803 literatura

67 817 98 863 ad
115 817 253 864 miraculum
269 823 372 871 ornatus,
391 819 456 864 cuins
474 817 589 863 industria
607 817 748 874 scholaeque
766 817 927 863 moderatione

67 882 160 936 optimis
180 878 253 925 literis
272 896 302 924 ex
320 881 460 925 novitiorum
478 878 577 936 collegio
596 878 691 936 plurimi
709 885 763 925 sunt
782 879 877 932 eruditi;
897 877 925 924 D.

66 938 169 996 Tjaerdo
183 938 482 995 {TetardusJVinsomensis
492 940 606 985 ecclesiae
616 944 703 996 pastor.
715 939 893 986 archidiaconus
902 940 928 997 c)

69 999 174 1045 eiusdem
188 999 257 1053 sedis.
273 1003 357 1056 potens
372 999 458 1045 divitiis
473 1015 567 1056 qnoque
581 998 680 1057 pollens,
696 998 784 1045 ordinis
800 999 927 1045 Praemon·

68 1062 190 1106 stratensis
206 1065 315 1117 suscepto
330 1060 411 1106 habitu
426 1063 504 1106 omnia
519 1061 550 1106 ad
565 1063 732 1107 monasterinm
747 1061 869 1115 transiert;
886 1060 926 1106 Vi-

67 1121 170 1167 brandus
199 1120 399 1166 Menaldomensis
429 1123 539 1175 ²natione,
570 1123 662 1177 ingenio
692 1121 819 1167 admodum
849 1123 928 1178 sagaci

67 1179 180 1237 religione
193 1179 273 1234 claret,
288 1185 384 1237 peracto
398 1181 421 1225 in
435 1182 553 1238 prioratus
567 1183 693 1226 eminentia
707 1196 769 1226 anno
782 1182 851 1227 unico
866 1181 928 1226 diem

68 1240 156 1288 claudit
173 1246 312 1294 extremum
331 1241 459 1288 Jeldardus
477 1247 500 1287 et
516 1244 568 1298 ipse
584 1244 648 1299 prior
665 1242 740 1287 altero
757 1258 841 1288 carens
858 1242 926 1288 oculo

68 1318 158 1347 summo
173 1302 250 1348 studio
265 1307 366 1358 praeest

68 1360 143 1408 Huius
164 1365 225 1408 sacri
244 1361 337 1418 collegii
357 1362 525 1419 doctorumque
545 1364 648 1408 virorum
669 1362 698 1421 d)
718 1362 826 1408 claritate
848 1362 927 1409 allecti

67 1421 161 1479 plurimi
186 1425 289 1469 onmium
313 1424 337 1468 in
362 1439 388 1468 se
413 1427 560 1468 commovent
585 1421 675 1476 oculos;
701 1439 748 1480 qua
773 1425 865 1469 ratione
890 1440 927 1469 ec·

68 1481 140 1527 clesia
164 1481 187 1527 S,
212 1481 304 1528 Nicolai
327 1481 419 1528 insulae
443 1481 606 1539 Scellinganae
631 1484 645 1537 ³,
678 1484 742 1529 omni
766 1482 928 1539 iurisdictione

68 1544 164 1598 propria
189 1541 324 1597 posthabita
349 1546 423 1587 semet
448 1558 490 1598 per
516 1544 624 1598 proprios
651 1542 740 1587 aediles
766 1542 829 1589 ultro
855 1543 927 1588 oliert

68 1602 196 1657 regendam
215 1607 295 1647 nostro
315 1602 428 1647 coenobio
448 1601 607 1655 Lidlomensi;
636 1602 737 1648 ecclesia
757 1601 781 1648 S.
803 1601 927 1648 Gertrndis

67 1664 90 1706 in
115 1661 271 1708 Lutkavirom
284 1662 306 1711 ⁴.·
321 1662 424 1721 ecclesia
449 1663 475 1719 e)
500 1662 523 1707 S.
542 1663 641 1708 Martini
658 1665 682 1708 in
700 1663 834 1709 Aesterzee
853 1666 861 1687 ⁵
879 1664 926 1720 pri·

68 1723 103 1767 ori
112 1720 221 1778 exemplo
230 1722 335 1777 edoctae,
345 1722 447 1779 idipsum
456 1724 582 1776 imitantur,
593 1724 653 1768 sicut
662 1722 786 1779 praelatae
795 1727 843 1768 tres
854 1722 928 1768 eccle·

69 1785 118 1829 siae
135 1785 253 1839 resignato
270 1786 333 1829 omni
351 1786 403 1840 jure
420 1786 516 1841 proprio
534 1788 649 1841 perpetuo
666 1788 747 1830 nostro
765 1783 864 1840 collegio
883 1786 929 1829 sint

68 1847 239 1902 incorporatae.

69 1904 186 1963 Hoytetus
217 1905 388 1962 indefatigabili
419 1905 500 1952 labore
532 1911 555 1952 et
587 1906 702 1952 industria
734 1906 765 1952 ad
798 1911 928 1953 extremum

69 1967 131 2012 vitae
159 1966 221 2012 diem
247 1968 390 2012 monasterio
417 1969 510 2024 utrique
537 1969 643 2023 gnaviter
671 1969 788 2021 insistens.
817 1967 844 2024 g)
873 1967 929 2013 dnm

69 2025 130 2071 hanc
155 2028 221 2072 novis
248 2026 351 2080 aedibus.
379 2026 444 2073 illam
470 2031 548 2073 amoto
567 2026 696 2073 arundineo
716 2026 810 2085 lapideo
830 2032 929 2073 exornat

69 2091 137 2141 tecto,
156 2086 184 2144 lr)
201 2086 282 2133 morbo
300 2089 365 2144 gravi
383 2089 505 2145 correptus
523 2086 584 2134 lecto
609 2087 727 2134 incumbit.
764 2088 843 2134 Acuta
868 2087 928 2134 iebri

55 2294 57 2296 ,
140 2262 286 2304 Vlnsomanae;

92 2312 111 2353 c)
136 2312 195 2348 add:
212 2310 343 2348 hereditarius
349 2322 357 2354 ,·

93 2362 114 2403 dl
139 2361 249 2404 prestantia
258 2361 344 2403 permoti
355 2359 433 2403 plurimi
444 2369 489 2396 suas
499 2360 592 2395 ecclesias
602 2369 646 2395 cum
657 2359 710 2395 omni
720 2359 856 2395 iurisdictione
867 2360 928 2395 eccle-

69 2411 148 2446 siastica
162 2409 280 2445 licllomensi
294 2409 401 2444 conterunt
414 2408 536 2444 monasterio
543 2420 551 2451 ,·

93 2459 113 2500 el
138 2468 185 2495 om:
198 2459 265 2495 Sancti
278 2457 367 2500 Marum·

92 2507 110 2549 tl
140 2516 194 2545 em:
211 2507 243 2544 Sic
254 2528 278 2532 —
289 2506 443 2549 incorporatae,-

93 2558 115 2599 ξ)
140 2558 160 2593 ln
172 2556 241 2593 Baiom
253 2556 355 2592 ecclesiam
367 2557 423 2591 moto
437 2557 490 2592 tecto
502 2556 611 2591 arundineo
623 2554 723 2599 lapideum
735 2555 820 2598 imponit
826 2566 834 2598 ,·

93 2607 115 2648 n)
140 2607 180 2643 Sub
196 2615 300 2649 vesperum
318 2605 462 2648 quiescentibus
479 2605 515 2641 sub
533 2606 604 2641 arbore
621 2604 716 2641 tratribus
733 2607 754 2641 et
771 2604 929 2647 colloquentibus

70 2656 210 2699 superveniens
224 2655 301 2697 lnquit:
322 2656 350 2691 ite
365 2654 458 2697 cubitum,
473 2663 512 2697 ego
527 2654 592 2697 gallus
607 2656 673 2691 vester
687 2664 724 2690 vos
739 2655 831 2691 excitabo
847 2664 929 2691 rursum.

71 2705 129 2747 Quod
140 2703 220 2740 minime
232 2702 332 2745 successit,
344 2704 366 2739 nt
377 2703 423 2739 sunt
434 2701 548 2739 mortalium
560 2702 633 2738 caduca
645 2702 718 2744 omnia,
730 2711 775 2739 nam
788 2703 857 2739 cadem
869 2704 929 2739 nocte

69 2753 120 2789 febri
133 2753 237 2795 correptus
249 2761 303 2788 nono
316 2752 347 2788 (lle
359 2751 449 2794 moritur,
461 2750 518 2792 cujus
530 2751 583 2787 lecto
596 2751 683 2794 virgines
684 2777 724 2787 .......
731 2761 739 2793 ,-

95 2838 102 2873 1
130 2836 268 2882 Boznm,N.O.
281 2847 318 2872 van
331 2836 401 2873 Sneelr.

93 2887 104 2922 2
129 2885 248 2930 Menaldum,
260 2885 289 2921 W.
300 2895 338 2921 van
350 2884 487 2921 Leeuwarden.

93 2933 104 2970 3
129 2933 199 2971 Hoorn
209 2944 235 2977 op
245 2932 283 2969 Ter
293 2932 399 2976 schelling.
410 2933 443 2970 Zie
453 2932 471 2970 S.
483 2932 555 2970 Muller
565 2932 621 2978 Hzn,
632 2931 748 2970 Gesclriedk.
760 2932 816 2969 Atlas
826 2943 844 2969 v.
855 2932 929 2969 Neder-

130 2983 181 3028 land,
193 2982 223 3019 De
235 2982 345 3026 Kerkelijlre
358 2982 459 3031 indecling
472 2983 485 3030 l,
498 2982 512 3019 ’s
520 2980 651 3025 Gravenhage
664 2982 715 3028 1921,
728 2992 746 3026 p.
759 2982 799 3019 551.

93 3034 105 3069 4
130 3032 279 3078 Lntkewierum,
292 3031 339 3070 No.
353 3042 390 3069 van
404 3031 474 3069 Sneelr.

93 3082 105 3119 5
130 3081 243 3127 Oosterzee,
256 3080 303 3118 Ν.Ο.
315 3091 353 3118 van
365 3080 459 3118 Lemmer.
