2121 3546
565 205 595 248 60

151 326 228 369 nitori.
242 323 278 369 De
291 323 412 381 horologio
425 327 514 381 primus
528 327 670 383 monasterio
684 327 803 382 prospicit,
818 325 966 372 commodum
979 325 1010 371 ad

150 385 220 431 horas
229 386 359 432 metiendas
369 389 555 433 instrumentum.

150 444 292 491 Veneranda
303 447 388 491 canitie
400 450 526 502 spectatus,
540 462 680 492 oeconomus
693 446 803 504 prudens,
817 451 962 493 restaurator
975 446 1009 492 di-

150 504 224 560 ligens
234 521 295 550 anno
305 505 424 561 dignitatis
434 510 524 558 octavo,
534 505 665 551 D.Folker0
674 507 720 563 ipsi
728 508 808 551 intime
816 510 878 560 noto,
888 505 1010 563 designato

150 580 292 617 successore,
307 566 330 609 in
344 563 444 610 Domino
458 567 555 611 moritur
569 582 630 611 anno
645 566 673 623 a)
688 568 742 610 1431
759 568 810 622 ipso
825 565 897 611 Primi
910 571 934 612 et
948 565 1009 611 Feli·

150 624 212 667 ciani
226 623 264 668 die
278 625 293 668 ¹,
307 624 372 669 Ante
386 640 453 669 aram
467 623 631 681 apostolorum
644 624 709 670 Petri
724 629 748 671 et
762 624 829 670 Pauli
843 625 965 682 sepelitur.

429 747 546 790 Folkerus
559 748 634 791 abbas
647 747 730 790 XXII.

151 868 298 915 Venerabilis
308 873 375 925 pater
385 868 413 914 D.
423 867 560 925 szalingus
571 867 642 914 abbas
653 867 721 913 Horti
731 867 823 913 Mariae
833 869 926 924 scriptis
936 867 1010 913 literis

152 932 182 977 de
190 930 255 977 obitu
263 930 292 976 D,
302 929 395 976 Hesseli
404 933 489 975 certior
499 930 582 983 lactus,
593 932 663 976 misso
673 929 744 975 celeri
753 932 838 983 nuncio
848 929 876 976 D.
886 929 1011 975 Vilkonem

151 995 175 1038 in
194 992 300 1038 Dockum
319 992 349 1038 ad
367 998 486 1038 sevocat.
505 992 579 1038 Simul
597 992 698 1050 proiecti
716 991 807 1038 Lidlom
826 991 868 1038 sub
887 1008 1011 1049 vesperam

152 1054 293 1112 applicuere,
309 1055 423 1111 postridie
437 1054 507 1100 lunus
522 1054 626 1100 delatum
640 1054 671 1099 ad
685 1054 809 1100 ecclesiam
823 1053 932 1110 legitimis
947 1071 1010 1100 cere-

152 1119 235 1162 moniis
247 1121 342 1162 curatur
354 1134 359 1169 ;
380 1133 426 1173 quo
438 1121 541 1174 peracto,
556 1117 611 1162 dato
624 1118 696 1173 signo,
710 1120 824 1178 quotquot
839 1118 890 1173 jure
903 1115 1011 1162 electioni

152 1195 227 1224 novae
236 1181 349 1223 interesse
358 1178 442 1232 solent,
451 1181 558 1224 canonici
566 1178 657 1224 rurales
666 1178 735 1225 simul
745 1182 768 1224 et
776 1179 905 1231 monastici,
916 1183 1011 1234 praesto

150 1245 211 1285 sunt.
221 1240 310 1285 Locum
320 1240 410 1286 adeunt
420 1240 517 1286 creandi
528 1240 622 1286 abbatis
633 1240 786 1293 destinatum
798 1239 880 1286 habita
891 1239 1008 1289 delibera-

152 1302 215 1346 tione
225 1300 340 1355 suilragia
349 1316 392 1356 per
402 1305 495 1356 patrem
504 1299 613 1345 abbatem
622 1298 769 1355 colliguntur,
781 1298 864 1357 quibus
875 1301 937 1353 visis,
949 1315 1011 1345 sum·

152 1378 190 1407 ma
200 1363 330 1407 animorum
339 1362 465 1407 eoncordia
474 1360 588 1407 Folkerus
599 1363 647 1418 jam
657 1361 748 1418 pridem
757 1361 786 1407 ab
797 1360 896 1407 Hesselo
906 1363 1011 1406 nomina·

152 1428 197 1476 tus,
211 1422 283 1468 abbas
297 1423 463 1480 proclamatur.
478 1422 574 1469 Summa
587 1425 689 1469 omnium
702 1425 776 1469 oritur
790 1439 820 1468 ex
833 1427 882 1468 tam
896 1422 1013 1479 praeclari

152 1487 196 1530 viri
209 1484 323 1530 electione
335 1484 457 1530 moderata
470 1484 570 1530 laeticia.
584 1484 652 1530 Hunc
665 1486 777 1541 evestigio
791 1484 862 1530 abbas
875 1490 944 1541 pater
957 1501 1011 1530 con·

153 1547 240 1592 firmat,
259 1545 303 1592 Hic
320 1548 389 1592 certis
408 1546 568 1592 occasionibus
586 1551 737 1592 consecratur
755 1547 784 1592 ab
801 1547 906 1592 Antonio
924 1548 1012 1592 vicario

152 1610 256 1665 episcopi
267 1608 454 1664 Osnabrugensis
464 1610 487 1653 in
496 1608 576 1664 vigilia
584 1608 759 1664 Assumptionis
769 1607 871 1664 Virginis
880 1610 895 1654 ².

153 1667 207 1713 Fuit
215 1667 329 1713 Folkerus
338 1670 433 1713 natione
442 1666 604 1723 Scellinganus
613 1670 664 1713 vico
672 1666 798 1724 Lies,³pagi
806 1667 1010 1713 HoornensisPri·

150 1729 193 1772 mis
203 1729 365 1782 grammatices
373 1727 511 1772 rudimentis
520 1726 613 1772 affatim
622 1725 736 1780 excultus,
745 1725 943 1783 Erphordiensem
951 1726 1012 1771 cele·

154 1786 219 1831 brem
233 1786 291 1832 adiit
304 1786 465 1838 academiam
489 1788 578 1842 magnis
593 1785 711 1832 laboribus
726 1789 829 1832 intentus
844 1785 935 1840 studiis,
951 1803 1013 1832 sum-

154 1864 216 1893 mam
230 1850 362 1904 assequitur
376 1847 404 1906 b)
418 1847 555 1893 eruditionis
569 1850 709 1904 opinionem.
725 1847 828 1893 Rediens
842 1847 975 1905 Erphordia
989 1850 1012 1894 in

154 1912 266 1955 comitatu
278 1908 390 1955 Emdensi
400 1911 424 1955 in
436 1919 544 1966 magnam
556 1910 637 1955 incidit
650 1910 825 1966 aegritudinem,
839 1912 873 1955 sic
884 1915 910 1956 ut
923 1910 953 1956 de
965 1913 1013 1956 vita

154 1970 327 2029 periclitaretur
339 1989 343 2025 ;
365 1973 428 2017 omni
442 1971 567 2018 destitutus
581 1972 706 2028 praesidio,
721 1974 835 2029 praestito
849 1977 909 2026 voto,
925 1974 944 2018 si
958 1989 1013 2017 con-

152 2032 264 2087 valescat,
286 2050 338 2079 sese
358 2035 479 2090 promittit,
502 2038 611 2091 suscepto
632 2033 751 2090 religionis
773 2033 1012 2080 Praemonstratensis

153 2092 283 2149 ordiner),
300 2092 462 2139 dedicaturum
478 2092 572 2139 Christo
587 2092 693 2142 Domino.
710 2093 756 2139 Ubi
771 2093 896 2146 convaluit,
913 2093 1014 2140 Frisiam

154 2157 238 2209 petens
254 2151 379 2198 Hesselum
395 2152 503 2198 abbatem
518 2152 583 2206 adiit,
600 2155 636 2200 sui
651 2155 700 2199 voti
715 2155 762 2199 vim
778 2155 860 2211 aperit.
878 2152 1014 2199 Honorilice

153 2219 264 2271 acceptus
279 2216 370 2270 integro
384 2214 478 2260 biennio
492 2215 521 2273 d)
535 2231 588 2261 cnm
602 2215 698 2272 reliquis
714 2215 792 2261 divino
808 2218 910 2262 intentus
926 2216 1013 2262 fervori

154 2279 177 2319 et
193 2273 272 2327 cultui,
290 2273 374 2320 abbate
391 2278 497 2331 sumptus
514 2274 681 2331 suppeditante
698 2273 821 2320 Coloniam
836 2277 928 2332 repetit,
947 2276 973 2333 e)
989 2277 1013 2321 in

155 2338 254 2391 utroque
268 2336 320 2390 jure
332 2350 422 2379 summa
435 2334 551 2379 industria
563 2334 657 2380 sudavit
669 2351 673 2387 ;
694 2334 788 2380 rediens
802 2334 934 2381 sacerdotio
948 2337 1013 2381 inau-

155 2400 258 2451 guratur.
272 2394 333 2440 Hinc
346 2395 460 2441 ecclesiae
474 2395 607 2441 Hoomensi
620 2400 644 2441 et
656 2401 737 2453 pastor
751 2401 774 2442 et
788 2396 896 2442 decanus*
904 2397 1014 2454 praelici-

179 2630 199 2672 ἃ)
226 2631 285 2673 1430;

179 2681 200 2722 b)
226 2681 326 2721 utriusque
338 2680 386 2716 iuris
399 2679 532 2722 prudentiam
617 2678 635 2720 cl
662 2679 695 2714 Hs.
709 2680 741 2714 ten
755 2678 858 2714 omecbte:
872 2679 978 2722 religione·

179 2728 200 2769 d)
224 2728 245 2763 in
256 2728 377 2764 monasterio
390 2727 464 2763 scolam
476 2727 598 2762 noviciorum
610 2727 747 2768 frequentans·

177 2776 197 2817 e)
223 2776 255 2812 ubi
269 2784 345 2811 rursum
359 2775 433 2811 intimis
447 2783 546 2811 musarum
560 2774 642 2810 latebris
656 2774 773 2810 delitescens
787 2774 882 2810 maiorem
897 2774 1013 2810 eruditionis

156 2823 270 2866 opinionem
283 2823 377 2866 indeptus
391 2824 421 2859 est
427 2833 435 2865 ;
1018 2828 1020 2830 ·

179 2923 190 3009 i
215 2921 355 3015 iinblgustus.

180 3020 192 3057 3
216 3019 259 3056 Lies
271 3030 297 3063 op
310 3019 344 3056 het
355 3019 420 3056 eiland
430 3017 469 3055 Ter
480 3017 586 3063 Schelling‚
598 3017 695 3063 kerkelijk
706 3017 764 3055 thans
776 3029 818 3063 neg
830 3018 892 3057 onder
905 3018 979 3057 Hoom.
