2121 3546
559 225 573 268 2

139 345 250 392 doctrinis
266 350 289 392 et
304 347 415 392 institutis
431 344 528 392 efficere
542 349 668 403 nequeunt.
684 343 809 391 Politicum
824 343 926 390 formare
941 359 996 400 pos-

138 412 198 461 sunt,
209 406 360 452 christianum
368 423 414 453 non
423 408 485 452 item.
495 405 511 452 J
512 405 612 453 ubentur
621 408 690 463 igitur
700 405 821 452 christiani
829 422 859 451 ex
868 408 996 462 praecepto

139 468 217 515 divino
231 467 417 525 patriarcharum
431 472 455 514 et
469 467 637 525 prophetarum
651 467 752 514 lustrare
766 469 833 513 vitas.
848 465 878 512 Et
892 471 918 512 ut
932 470 996 512 recte

138 529 292 575 Terentianus
314 528 355 575 ille
369 528 442 587 Syrus
465 529 538 575 dicit:
561 528 695 586 „inspicere
710 532 822 585 tanquam
836 529 860 572 in
875 526 997 583 speculum

138 593 198 636 vitas
211 592 314 637 omnium
327 589 398 646 iubet,
412 595 483 647 atque
496 607 526 635 ex
539 589 591 636 aliis
604 606 697 636 sumere
710 588 843 646 exemplum
857 586 932 634 sibi.''l
946 587 997 634 Hoc

139 654 201 698 enim
214 668 269 697 vere
283 656 405 709 praestant
419 657 514 709 patrum
528 653 622 708 scripta,
637 656 664 697 ut
677 667 720 697 nos
736 649 766 696 de
780 649 863 696 horum
878 649 996 696 imitandis

139 714 241 770 vestigiis
258 712 332 759 ardue
349 715 483 770 cogitemus,
516 712 583 765 Quae
599 715 620 758 si
636 712 703 759 nobis
719 710 784 758 velut
801 710 922 770 speculum
938 727 997 768 prae

138 772 211 820 oculis
227 789 274 819 non
291 773 368 819 forent
384 774 493 831 praefixa
509 790 634 831 rerumque
650 772 841 830 praecedentium
858 773 941 819 notitia
958 788 997 817 ca-

139 835 238 880 rendum
259 834 326 888 foret,
348 834 475 881 belluinam
488 834 559 892 plane
573 845 694 891 ageremus
708 836 842 891 vitam-qui
856 834 883 891 a)
896 835 920 879 in
935 833 997 879 diem

139 897 250 949 viventes,
260 911 304 941 nec
312 895 375 951 quod
385 894 412 952 b)
421 900 476 941 ante
484 895 557 952 pedes
567 900 603 940 est
612 894 698 948 vident,
708 910 752 940 nec
762 894 792 940 de
801 892 996 951 praecedentibus

139 957 271 1001 meminere.
287 954 347 1000 Hinc
360 958 464 1001 omnium
477 954 609 1002 seculorum
623 960 672 1001 tam
685 957 756 1000 anxia
770 970 849 1000 rerum
863 953 996 1006 delineatio,

138 1031 198 1072 quas
210 1018 342 1073 posteritati
353 1015 544 1061 commendantes
556 1015 680 1073 lapidibus,
693 1017 744 1061 aeri
755 1019 778 1061 et
790 1013 886 1061 metallo
899 1016 996 1071 inscrip-

139 1092 197 1122 sere.
213 1074 276 1128 Quid
290 1076 354 1133 quod
368 1078 433 1133 ipsus
447 1075 490 1130 sol,
505 1075 567 1130 luna,
583 1075 673 1130 stellae,
690 1075 746 1129 dies,
762 1091 816 1129 nox,
832 1080 902 1128 terra,
918 1079 959 1121 aer
974 1079 1011 1120 et

138 1137 249 1194 quicquid
264 1136 332 1183 homo
347 1137 417 1191 videt,
433 1136 556 1183 historiam
570 1136 682 1190 referunt,
697 1141 724 1183 ut
739 1136 822 1182 horum
837 1138 940 1182 omnium
955 1138 997 1182 mi·

139 1201 213 1244 nistra
225 1198 294 1245 homo
307 1198 370 1245 velut
384 1198 479 1255 speculo
492 1200 609 1252 invitatus,
623 1203 722 1245 naturae
735 1199 893 1252 mutationem.
908 1202 997 1255 tempo¹

140 1262 171 1306 ris
188 1265 304 1306 maturam
320 1262 478 1317 praesentiam
494 1265 615 1317 agnoscam
633 1259 695 1307 unde
712 1265 735 1306 et
752 1276 834 1306 sacrae
851 1259 934 1306 literae
950 1259 997 1305 As·

140 1337 240 1375 suerum,
265 1320 415 1367 historiarum
438 1320 538 1367 lectione
562 1320 710 1375 delectatum,
735 1325 896 1366 anteactarum
920 1336 999 1366 rerum

139 1384 246 1428 notitiam
258 1382 289 1428 ad
301 1382 453 1428 Mardochaei
466 1381 658 1440 Judaeorumque
670 1384 773 1428 omnium
786 1380 885 1428 salutem
898 1383 955 1439 ipsis
968 1399 999 1428 ex

140 1442 240 1489 archivis
265 1443 389 1490 Medorum
413 1443 520 1490 hausisse
545 1443 673 1489 referunt²
705 1443 774 1489 Unde
792 1442 881 1500 liquido
899 1447 997 1497 constat,

140 1504 213 1550 abbas
228 1508 435 1561 praestantissime,
452 1504 585 1559 salutarem,
601 1504 683 1551 utilem
699 1509 722 1551 et
737 1509 832 1562 praeter
848 1504 942 1551 modum
958 1521 998 1551 ne-

140 1568 267 1612 cessariam
280 1566 367 1612 homini
380 1566 502 1612 literarum
514 1582 567 1612 esse
580 1568 708 1620 scientiam,
723 1582 794 1623 quam
815 1571 841 1613 tu
854 1582 898 1623 pro
911 1565 998 1613 viribus

141 1627 245 1673 studiose
264 1629 419 1684 prosequeris,
440 1626 493 1684 plus
514 1633 683 1684 praestaturus,
703 1629 728 1673 ni
747 1633 771 1673 et
791 1627 901 1673 difficiles
922 1632 998 1674 motus

140 1705 265 1745 rerumque
283 1691 385 1734 omnium
403 1705 493 1735 summa
511 1688 613 1735 turbatio
631 1693 732 1735 mentem
751 1688 908 1735 distraherent
927 1694 998 1735 tuam.

141 1750 254 1796 Attamen
265 1749 427 1796 Mecaenatem
438 1752 553 1807 integrum
564 1755 587 1796 te
599 1749 719 1796 literarum
731 1749 873 1797 amatoribus
885 1750 998 1807 praebere

88 1818 90 1822 ’
140 1810 365 1868 nunquamdesinis¹

140 1871 191 1917 Hac
201 1876 283 1918 nostra
294 1874 467 1929 extemporaria
478 1871 557 1930 opella
568 1875 614 1918 tuis
626 1875 686 1918 votis
698 1872 853 1926 satisfaciens,
866 1877 999 1920 nostrorum

141 1933 252 1979 abbatum
265 1935 325 1979 vitas
340 1936 392 1990 pias
407 1939 430 1979 et
445 1933 584 1979 christianas
598 1938 679 1980 nostro
694 1933 748 1980 stilo
764 1936 918 1995 exaravimus,
934 1940 960 1981 ut
975 1939 999 1981 et

141 1992 191 2040 Tua
201 1993 308 2051 Dignitas
319 1993 422 2048 haberet,
433 2010 492 2051 quos
503 1993 567 2040 velut
577 1994 744 2051 praecedentia
756 1994 844 2041 lumina
855 1999 999 2052 sequeretur.

141 2054 178 2111 Hi¹
189 2072 274 2112 nempe
291 2055 363 2109 fuere,
383 2058 423 2112 qui
441 2055 589 2102 Lidlomense
607 2058 775 2102 monasterium
792 2058 882 2113 ingenti
899 2056 998 2111 fervore,

141 2116 199 2170 zelo,
211 2116 289 2163 studio
300 2122 324 2163 et
335 2116 450 2163 industria
461 2116 506 2163 huc
517 2134 593 2175 usque
603 2123 775 2174 promoverunt,
788 2123 814 2164 ut
825 2120 958 2175 posteritati
970 2118 1000 2165 de

141 2178 253 2235 religione
275 2183 298 2224 et
320 2178 540 2235 supersubstantiali
562 2181 702 2225 necessitate
717 2181 885 2237 prospicerent,
901 2196 1000 2238 quorum

141 2241 238 2285 virtutes
255 2238 392 2294 aemulatus,
408 2239 471 2286 haud
487 2241 629 2297 posteriores
645 2256 697 2287 cum
713 2240 760 2286 illis
776 2242 799 2286 in
815 2249 887 2298 regno
903 2241 1000 2288 coelesti

141 2305 221 2358 partes
241 2303 397 2358 consequeris.
418 2300 497 2347 Habes
516 2306 601 2347 exacta
620 2304 644 2347 in
663 2301 699 2348 his
718 2304 813 2359 pietatis
833 2304 947 2360 vestigia:
976 2305 999 2349 in

142 2362 226 2408 abbate
238 2361 340 2420 Hoyteto
351 2379 422 2408 verae
433 2361 551 2419 religionis
563 2362 678 2420 exempla,
691 2365 714 2409 in
726 2362 799 2409 Eloco
811 2366 963 2418 constantiae,
976 2367 1000 2411 in

140 2423 243 2469 Tetardo
257 2422 397 2470 tolerantiae
411 2426 516 2481 vestigia,
531 2426 555 2470 in
572 2423 665 2471 Joanne
678 2424 795 2483 Keppelio
810 2427 913 2473 omnium
927 2428 1000 2473 virtu·

142 2490 191 2531 tum
204 2484 402 2532 absolutissimum
414 2485 542 2543 exemplar,
555 2502 626 2544 quem
637 2491 662 2532 et
673 2488 767 2533 nomine
779 2487 855 2534 refers
868 2491 892 2534 et
904 2489 999 2545 pietate,

142 2545 294 2602 sperabimus.
645 2565 647 2570 ’
774 2564 775 2567 ’

141 2606 190 2653 Has
199 2612 298 2661 nostras,
307 2611 388 2653 nostra
396 2607 504 2653 Minerva
512 2607 571 2661 rudi,
581 2624 662 2654 crassa
670 2612 693 2654 et
702 2607 810 2666 insipida,
820 2608 1000 2664 lucubrationes,

142 2667 207 2714 Tuae
217 2668 330 2725 Dignitati
340 2668 467 2722 dedicatas,
479 2668 540 2715 bono
550 2673 574 2715 et
584 2674 651 2726 grato
662 2674 711 2716 tum
722 2671 768 2716 tuis
779 2670 1000 2728 meisqueomnibus

144 2731 221 2837 {ulimp
241 2731 345 2786 excipias
366 2745 407 2775 oro
428 2734 451 2775 et
471 2729 581 2776 obtestor.
602 2729 669 2784 Vale,
691 2729 763 2776 abbas
783 2736 852 2788 pater
872 2731 999 2790 plurimum

159 2807 235 2836 rece.

144 2907 286 2914 -—-—-

167 2948 187 2990 a)
213 2948 324 2991 Hs,:quae,·
469 2948 490 2990 b)
516 2948 620 2990 usrqnm.

168 3046 175 3081 1
201 3044 309 3090 Terentius,
322 3044 411 3090 adelphi,
424 3044 466 3082 Act.
480 3044 511 3090 ΙΙΙ,
525 3043 554 3081 Sc.
568 3044 599 3082 ΙΙΙ.
768 3046 780 3083 2
804 3044 862 3085 Ester
875 3048 958 3085 6:1-3.
