2121 3546
472 244 502 293 79

56 380 133 410 merus
146 369 197 410 erat
209 367 352 419 octonarius·
362 366 390 424 o)
402 364 522 417 Riuvardo
534 365 621 422 Rorda,
635 367 745 415 Sceltone
757 369 914 427 Lijauclrama,

54 423 160 474 Doctore
169 423 242 470 Barta
251 424 363 483 Sylvauo.
389 424 498 471 Caesaris
514 427 627 473 mandatu
642 428 779 475 Bruxellam
796 431 915 486 profectus

55 485 170 529 communi
184 487 287 530 omniurn
301 487 372 532 totius
387 486 462 544 Belgii
476 490 648 545 provinciarum
662 490 768 537 interfuit
783 495 914 548 conventui,

55 547 78 590 in
95 544 139 591 boc
155 551 244 600 coacto,
261 552 287 593 ut
304 547 423 604 publicam
439 549 549 596 Caesaris
567 550 647 598 Caroli
664 556 848 601 transactionem
864 554 916 602 filio

54 606 164 665 Philippo
197 607 364 666 Hispaniarum
397 614 447 668 regi
479 612 596 659 catholico
627 616 801 671 praestandam,
836 633 916 664 coram

54 672 200 717 intuerentur
212 676 236 717 et
247 688 291 728 pro
302 681 357 730 rege
369 676 446 731 ipsum
458 680 612 731 agnoscerent
632 676 668 734 b).

54 731 87 778 Eo
101 735 198 789 negocio
212 733 312 780 feliciter
326 740 379 782 acto
394 736 488 783 domum
502 737 569 783 redit.
585 736 684 783 Abbatis
705 737 784 785 aulam
795 740 860 795 regio
873 755 913 784 ex-

53 799 122 840 ornat
131 797 184 849 ritu.
195 812 280 842 novam
290 797 392 844 culinam
403 798 432 844 ab
443 801 501 856 ipsis
512 799 671 846 fundamentis
683 803 784 845 erectam
803 797 914 855 gradibus

54 857 154 903 adornat
173 858 325 914 conchiliatis
345 863 436 914 atrium.
456 860 589 915 triclinium,
609 860 695 907 cubilia
714 877 793 906 assere
813 859 914 915 levigato

54 920 177 972 incrustat.
189 920 315 967 fumarium
325 925 415 968 auratis
425 922 537 980 lapidibis
547 925 555 947 1
567 939 658 969 summa
669 927 721 969 arte
732 922 831 979 sculptis
843 920 913 967 ador-

54 982 135 1024 natum
149 978 198 1024 alto
212 984 274 1026 tecto
288 981 372 1035 educit,
388 981 514 1038 intemplo
529 999 615 1029 novum
629 991 733 1038 organon
748 986 826 1027 amoto
841 982 915 1026 veteri

55 1039 161 1086 collocat.
179 1040 295 1088 Horreum
311 1045 412 1099 ingentis
428 1044 594 1100 magnitudinis
611 1047 649 1090 cui
666 1043 741 1089 simile
759 1048 813 1089 ante
829 1043 874 1089 bac
890 1044 915 1088 in

54 1101 130 1147 Frisia
141 1119 262 1160 nunquam
273 1109 309 1150 est
321 1107 402 1160 visum,
416 1108 519 1152 omniurn
531 1123 608 1163 capax
620 1122 737 1163 pecorum.
752 1105 816 1151 foeni
828 1110 852 1151 et
865 1104 913 1151 fru-

54 1166 126 1210 menti
137 1167 227 1221 magnis
238 1167 368 1223 sumptibus
380 1171 474 1214 extruit.

54 1231 223 1288 Praepositura
232 1229 423 1276 Bolsvardiensis
432 1231 458 1288 c)
467 1228 579 1276 D,Viardi
588 1229 771 1288 Zutphaniensis
780 1230 913 1287 praepositi

53 1292 152 1347 ignavia.
167 1289 225 1336 luxu
239 1294 262 1335 et
276 1288 384 1334 socordia
398 1299 506 1345 maguam
520 1291 582 1335 aeris
596 1288 668 1335 alieni
682 1290 800 1335 contraxit
814 1290 913 1346 copiam.

54 1368 125 1410 quam
137 1356 163 1398 ut
175 1353 256 1407 nequit
268 1349 409 1408 persolvere.
423 1350 496 1397 abbas
509 1351 622 1396 mandatu
636 1350 721 1397 Curiae
734 1350 763 1408 d)
776 1354 850 1396 totam
862 1367 915 1396 cum

53 1415 117 1459 omni
124 1413 212 1469 mobili.
218 1415 280 1469 agris
292 1417 315 1458 et
326 1412 438 1458 reditibus
450 1416 475 1459 ut
486 1412 561 1458 filiam
572 1415 595 1458 in
607 1429 633 1458 se
644 1412 763 1458 transfert.
776 1411 814 1458 Fit
826 1411 914 1458 debito-

54 1490 106 1520 rum
116 1476 219 1520 omnium
230 1476 382 1530 computabor
395 1476 441 1520 tria
453 1473 584 1521 debitorum
595 1473 659 1520 milia
671 1476 852 1531 comperiuntur.
865 1473 925 1520 Ho-v

53 1550 104 1580 rum
112 1533 262 1590 persolvendi
270 1550 357 1586 curam,
366 1536 493 1580 constituto
501 1533 641 1580 restituendi
649 1536 754 1586 termino,
764 1536 821 1579 inse
842 1532 914 1579 abbas

54 1595 143 1649 recipit.
160 1591 321 1649 Supellectilia
337 1596 415 1639 omnia
431 1592 522 1639 Lidlom
538 1592 645 1639 feruntur
663 1596 726 1639 1556.
743 1593 914 1639 Monasterium

53 1652 170 1698 clauditur
187 1652 389 1706 Bolsvardianum.
406 1669 453 1698 uno
469 1652 552 1699 relicto
569 1655 681 1698 canonico
699 1652 792 1698 Joanne
809 1652 913 1698 Zelando

55 1714 179 1771 Cortgerro,
190 1716 269 1771 priore
279 1730 375 1760 annoso.
386 1713 488 1761 Viardus
500 1713 555 1760 alibi
566 1713 684 1771 relegatus
695 1717 767 1760 vitam
778 1714 915 1772 propediem

52 1775 114 1822 finiit
125 1780 205 1833 miser;
218 1776 302 1834 reliqui
318 1775 409 1822 Lidlom
425 1779 584 1833 commigrant.
601 1775 723 1833 Temporis
740 1775 866 1822 intervallo
882 1777 913 1835 e).

55 1838 122 1883 finito
136 1837 272 1884 colonorum
285 1854 363 1884 annuo
377 1843 505 1892 contractu,
520 1854 592 1884 novas
607 1855 660 1884 cum
673 1840 725 1895 ipso
740 1838 770 1884 de
784 1841 845 1895 agris
860 1855 915 1884 con-

54 1900 167 1946 ducendis
185 1902 286 1946 inierunt
304 1902 413 1946 rationes.
433 1899 524 1957 Ingenti
542 1917 572 1945 ex
590 1899 626 1946 his
652 1905 789 1957 comparata
814 1902 914 1957 pecunia

43 1961 156 2008 >animum
168 1961 204 2007 illi
215 1962 246 2007 ad
259 1961 421 2008 aedificiorum
434 1961 521 2016 luxum.
535 1963 694 2013 conviviorum
707 1964 836 2018 strepitum.
851 1978 913 2008 sum·

54 2040 149 2080 mopere
159 2024 257 2070 addixit.
268 2023 279 2069 f
279 2024 291 2081 )
301 2023 378 2069 Finito
389 2026 488 2070 termino
498 2025 651 2081 praescripto,
664 2023 694 2069 de
704 2026 852 2071 restitutione
862 2040 914 2069 ver·

52 2084 109 2131 bum
117 2084 215 2139 nullum:
225 2087 329 2131 amicitia
338 2084 424 2131 Curiae
433 2084 515 2139 fretus.
525 2086 602 2142 ipsam
613 2086 805 2143 praeposituram
816 2087 911 2132 retinet.

53 2143 108 2200 Ipso
118 2146 207 2190 sensim
217 2144 386 2200 degenerante,
398 2160 460 2191 anno
471 2147 500 2191 65
512 2144 584 2191 Curia
595 2146 718 2202 occupatis
729 2146 912 2202 praepositurae

51 2202 184 2249 redditibus
193 2206 217 2249 in
226 2203 357 2250 subsidium
365 2220 443 2249 novae
453 2202 629 2250 construendae
639 2203 741 2258 Curiae²,
752 2206 829 2261 ipsum
838 2203 911 2250 abba·

54 2267 103 2309 tem
115 2262 184 2309 huius
199 2262 359 2309 emolumento
373 2264 459 2320 privat.

76 2419 97 2462 a)
122 2420 214 2457 Ruuardo
226 2419 312 2463 Roorda,
323 2419 425 2458 scneitom·
436 2419 561 2464 tiiauckama
567 2431 575 2463 ;

77 2470 98 2512 b)
123 2470 181 2507 Anno
195 2471 254 2513 1555,-

77 2520 96 2562 c)
123 2521 204 2564 isnardi,-

75 2568 97 2611 d)
123 2578 147 2605 eo
163 2568 266 2611 protectus
282 2577 324 2604 rem
340 2577 420 2605 ornnem
436 2567 531 2612 intelligit
547 2569 567 2605 et
584 2567 651 2605 debita
667 2568 780 2611 conscribit,
796 2568 849 2611 quod
866 2569 912 2612 dum

54 2618 123 2654 Curiae
136 2618 204 2661 refert,
216 2619 296 2661 sumpto
305 2626 334 2654 fex
348 2619 438 2662 tempore
451 2618 540 2660 consilio,
553 2618 659 2662 negocium
672 2627 731 2654 omne
744 2619 810 2656 abbati
824 2620 846 2655 ut
858 2619 911 2661 patri

52 2667 179 2703 committunt
185 2678 193 2709 ;

76 2716 95 2757 e)
121 2716 179 2752 add:
197 2718 310 2752 transcurso
317 2727 325 2758 ,-

77 2765 94 2807 ἰ)
125 2767 205 2803 Statuto
219 2776 230 2802 a
245 2765 303 2802 Curia
316 2766 400 2802 termino
413 2765 479 2806 tinito,
493 2766 615 2807 quorundam
629 2765 715 2801 amicitia
729 2775 774 2802 usus
788 2766 912 2802 cunctantius

52 2814 123 2857 agitur.
137 2813 222 2850 Tandem
235 2813 361 2857 prepositura
372 2813 410 2857 ipsi
422 2814 492 2857 erepta
503 2823 515 2849 a
529 2812 587 2849 Curia
599 2822 660 2856 usque
672 2813 692 2849 in
706 2813 794 2857 episcopi
806 2814 912 2850 adventurn

53 2864 109 2900 annis
121 2865 141 2900 ni
152 2864 214 2900 latior
226 2864 311 2905 quinque
323 2863 441 2906 possidetur.
455 2863 514 2909 Cuius
526 2864 632 2907 pensiones
644 2865 664 2900 et
676 2863 765 2900 redditus
777 2872 829 2900 nove
843 2863 912 2900 Curiae

52 2914 202 2951 const'tuendae
214 2913 344 2957 applicantur.
357 2913 440 2950 Rursum
446 2924 455 2964 ;
479 2912 483 2915 “

78 3015 86 3050 1
112 3013 145 3050 Zie
156 3013 231 3057 Bijlage
243 3023 261 3056 p.
273 3013 301 3049 88.

75 3063 87 3098 2
112 3060 199 3098 Bedoeld
210 3061 227 3098 is
239 3060 263 3097 de
275 3061 332 3099 bouw
344 3071 382 3097 van
394 3060 418 3097 dc
430 3060 537 3104 Kanselarij
549 3063 570 3097 te
582 3060 718 3098 Leeuwarden.
