<?xml version="1.0" encoding="UTF-8"?>
<!DOCTYPE html PUBLIC "-//W3C//DTD XHTML 1.0 Transitional//EN"
    "http://www.w3.org/TR/xhtml1/DTD/xhtml1-transitional.dtd">
<html xmlns="http://www.w3.org/1999/xhtml" xml:lang="en" lang="en">
 <head>
  <title>
</title>
<meta http-equiv="Content-Type" content="text/html;charset=utf-8" />
  <meta name='ocr-system' content='tesseract 3.04.00' />
  <meta name='ocr-capabilities' content='ocr_page ocr_carea ocr_par ocr_line ocrx_word'/>
</head>
<body>
  <div class='ocr_page' id='page_1' title='image "MN42041ucmf_1_0143.png"; bbox 0 0 2121 3546; ppageno 0'>
   <div class='ocr_carea' id='block_1_1' title="bbox 479 264 506 314">
    <p class='ocr_par' dir='ltr' id='par_1_1' title="bbox 479 264 506 314">
     <span class='ocr_line' id='line_1_1' title="bbox 479 264 506 314; baseline -0.037 0"><span class='ocrx_word' id='word_1_1' title='bbox 479 264 506 314; x_wconf 80' lang='lat'><strong>51</strong></span> 
     </span>
    </p>
   </div>
   <div class='ocr_carea' id='block_1_2' title="bbox 42 388 926 1416">
    <p class='ocr_par' dir='ltr' id='par_1_2' title="bbox 42 388 926 1416">
     <span class='ocr_line' id='line_1_2' title="bbox 42 388 925 497; baseline -0.003 -60"><span class='ocrx_word' id='word_1_2' title='bbox 42 412 44 414; x_wconf 94' lang='lat'>·</span> <span class='ocrx_word' id='word_1_3' title='bbox 64 406 176 497; x_wconf 56' lang='lat' dir='ltr'><strong>pedcorum</strong></span> <span class='ocrx_word' id='word_1_4' title='bbox 186 389 258 436; x_wconf 89' lang='lat' dir='ltr'><strong>aedes</strong></span> <span class='ocrx_word' id='word_1_5' title='bbox 269 395 293 436; x_wconf 89' lang='lat' dir='ltr'><strong>et</strong></span> <span class='ocrx_word' id='word_1_6' title='bbox 304 389 397 436; x_wconf 90' lang='lat' dir='ltr'><strong>stabula</strong></span> <span class='ocrx_word' id='word_1_7' title='bbox 408 407 451 437; x_wconf 93' lang='lat' dir='ltr'><strong>suo</strong></span> <span class='ocrx_word' id='word_1_8' title='bbox 462 389 540 436; x_wconf 89' lang='lat' dir='ltr'><strong>studio</strong></span> <span class='ocrx_word' id='word_1_9' title='bbox 552 390 581 436; x_wconf 91' lang='lat' dir='ltr'><strong>ab</strong></span> <span class='ocrx_word' id='word_1_10' title='bbox 593 392 650 447; x_wconf 90' lang='lat' dir='ltr'><strong>ipsis</strong></span> <span class='ocrx_word' id='word_1_11' title='bbox 662 389 821 436; x_wconf 75' lang='lat' dir='ltr'><strong>fundamentis</strong></span> <span class='ocrx_word' id='word_1_12' title='bbox 834 388 865 435; x_wconf 90' lang='lat' dir='ltr'><strong>ad</strong></span> <span class='ocrx_word' id='word_1_13' title='bbox 877 405 925 434; x_wconf 91' lang='lat' dir='ltr'><strong>me-</strong></span> 
     </span>
     <span class='ocr_line' id='line_1_3' title="bbox 66 453 296 508; baseline -0.013 -10"><span class='ocrx_word' id='word_1_14' title='bbox 66 454 86 498; x_wconf 87' lang='lat' dir='ltr'><strong>ri</strong></span> <span class='ocrx_word' id='word_1_15' title='bbox 104 453 149 498; x_wconf 87' lang='lat' dir='ltr'><strong>iem</strong></span> <span class='ocrx_word' id='word_1_16' title='bbox 161 453 235 508; x_wconf 72' lang='lat' dir='ltr'><strong>erigit.</strong></span> <span class='ocrx_word' id='word_1_17' title='bbox 294 472 296 475; x_wconf 93' lang='lat'>·</span> 
     </span>
     <span class='ocr_line' id='line_1_4' title="bbox 66 509 924 570; baseline -0.001 -11"><span class='ocrx_word' id='word_1_18' title='bbox 66 512 159 559; x_wconf 92' lang='lat' dir='ltr'><strong>Bellum</strong></span> <span class='ocrx_word' id='word_1_19' title='bbox 169 529 263 570; x_wconf 92' lang='lat' dir='ltr'><strong>quoque</strong></span> <span class='ocrx_word' id='word_1_20' title='bbox 274 515 319 570; x_wconf 92' lang='lat' dir='ltr'><strong>ipsi</strong></span> <span class='ocrx_word' id='word_1_21' title='bbox 330 512 392 559; x_wconf 92' lang='lat' dir='ltr'><strong>ultro</strong></span> <span class='ocrx_word' id='word_1_22' title='bbox 404 512 495 559; x_wconf 88' lang='lat' dir='ltr'><strong>illatum</strong></span> <span class='ocrx_word' id='word_1_23' title='bbox 507 530 521 559; x_wconf 91' lang='lat' dir='ltr'><strong>a</strong></span> <span class='ocrx_word' id='word_1_24' title='bbox 532 513 661 560; x_wconf 90' lang='lat' dir='ltr'><strong>coenobitis</strong></span> <span class='ocrx_word' id='word_1_25' title='bbox 673 509 763 560; x_wconf 91' lang='lat' dir='ltr'><strong>Floridi</strong></span> <span class='ocrx_word' id='word_1_26' title='bbox 774 512 858 570; x_wconf 89' lang='lat' dir='ltr'><strong>Campi</strong></span> <span class='ocrx_word' id='word_1_27' title='bbox 874 511 924 568; x_wconf 87' lang='lat' dir='ltr'><strong>[Ol-</strong></span> 
     </span>
     <span class='ocr_line' id='line_1_5' title="bbox 65 573 924 632; baseline -0.001 -11"><span class='ocrx_word' id='word_1_28' title='bbox 65 573 195 621; x_wconf 91' lang='lat' dir='ltr'><strong>decloester</strong></span> <span class='ocrx_word' id='word_1_29' title='bbox 212 574 229 630; x_wconf 71' lang='lat'><strong>¹]</strong></span> <span class='ocrx_word' id='word_1_30' title='bbox 249 580 273 621; x_wconf 93' lang='lat' dir='ltr'><strong>et</strong></span> <span class='ocrx_word' id='word_1_31' title='bbox 288 573 452 631; x_wconf 66' lang='lat' dir='ltr'><strong>Ludingalrerlr</strong></span> <span class='ocrx_word' id='word_1_32' title='bbox 468 574 658 632; x_wconf 81' lang='lat' dir='ltr'><strong>opulentissimis,</strong></span> <span class='ocrx_word' id='word_1_33' title='bbox 676 575 760 632; x_wconf 92' lang='lat' dir='ltr'><strong>quibus</strong></span> <span class='ocrx_word' id='word_1_34' title='bbox 777 580 803 621; x_wconf 92' lang='lat' dir='ltr'><strong>ut</strong></span> <span class='ocrx_word' id='word_1_35' title='bbox 819 575 924 621; x_wconf 79' lang='lat' dir='ltr'><strong>fautores</strong></span> 
     </span>
     <span class='ocr_line' id='line_1_6' title="bbox 64 633 925 692; baseline 0 -13"><span class='ocrx_word' id='word_1_36' title='bbox 64 634 183 691; x_wconf 90' lang='lat' dir='ltr'><strong>praesidio</strong></span> <span class='ocrx_word' id='word_1_37' title='bbox 193 634 259 680; x_wconf 89' lang='lat' dir='ltr'><strong>luere</strong></span> <span class='ocrx_word' id='word_1_38' title='bbox 268 633 335 681; x_wconf 90' lang='lat' dir='ltr'><strong>Tado</strong></span> <span class='ocrx_word' id='word_1_39' title='bbox 345 639 368 680; x_wconf 93' lang='lat' dir='ltr'><strong>et</strong></span> <span class='ocrx_word' id='word_1_40' title='bbox 378 633 452 692; x_wconf 90' lang='lat' dir='ltr'><strong>Seerp</strong></span> <span class='ocrx_word' id='word_1_41' title='bbox 463 634 492 680; x_wconf 89' lang='lat' dir='ltr'><strong>ab</strong></span> <span class='ocrx_word' id='word_1_42' title='bbox 502 634 596 681; x_wconf 80' lang='lat' dir='ltr'><strong>Adelen</strong></span> <span class='ocrx_word' id='word_1_43' title='bbox 606 638 630 680; x_wconf 93' lang='lat' dir='ltr'><strong>in</strong></span> <span class='ocrx_word' id='word_1_44' title='bbox 640 634 770 688; x_wconf 73' lang='lat' dir='ltr'><strong>Sexbirom.</strong></span> <span class='ocrx_word' id='word_1_45' title='bbox 781 637 825 680; x_wconf 88' lang='lat' dir='ltr'><strong>viri</strong></span> <span class='ocrx_word' id='word_1_46' title='bbox 836 636 925 680; x_wconf 90' lang='lat' dir='ltr'><strong>strenui</strong></span> 
     </span>
     <span class='ocr_line' id='line_1_7' title="bbox 64 695 925 753; baseline -0.001 -12"><span class='ocrx_word' id='word_1_47' title='bbox 64 700 88 741; x_wconf 91' lang='lat' dir='ltr'><strong>et</strong></span> <span class='ocrx_word' id='word_1_48' title='bbox 103 695 199 749; x_wconf 77' lang='lat' dir='ltr'><strong>nobiles,</strong></span> <span class='ocrx_word' id='word_1_49' title='bbox 216 698 306 752; x_wconf 68' lang='lat' dir='ltr'><strong>magnis</strong></span> <span class='ocrx_word' id='word_1_50' title='bbox 322 695 453 753; x_wconf 81' lang='lat' dir='ltr'><strong>sumptibus</strong></span> <span class='ocrx_word' id='word_1_51' title='bbox 468 698 601 753; x_wconf 90' lang='lat' dir='ltr'><strong>conscripto</strong></span> <span class='ocrx_word' id='word_1_52' title='bbox 611 696 690 742; x_wconf 71' lang='lat' dir='ltr'><strong>vmilite</strong></span> <span class='ocrx_word' id='word_1_53' title='bbox 706 700 813 742; x_wconf 87' lang='lat' dir='ltr'><strong>avertere</strong></span> <span class='ocrx_word' id='word_1_54' title='bbox 829 700 925 742; x_wconf 91' lang='lat' dir='ltr'><strong>coactus</strong></span> 
     </span>
     <span class='ocr_line' id='line_1_8' title="bbox 65 756 925 814; baseline 0 -12"><span class='ocrx_word' id='word_1_55' title='bbox 65 761 107 802; x_wconf 79' lang='lat' dir='ltr'><strong>est.</strong></span> <span class='ocrx_word' id='word_1_56' title='bbox 138 756 176 802; x_wconf 79' lang='lat' dir='ltr'><strong>&#39;Re</strong></span> <span class='ocrx_word' id='word_1_57' title='bbox 193 773 236 813; x_wconf 92' lang='lat' dir='ltr'><strong>per</strong></span> <span class='ocrx_word' id='word_1_58' title='bbox 253 756 380 804; x_wconf 90' lang='lat' dir='ltr'><strong>submissos</strong></span> <span class='ocrx_word' id='word_1_59' title='bbox 398 759 565 804; x_wconf 84' lang='lat' dir='ltr'><strong>intercessores</strong></span> <span class='ocrx_word' id='word_1_60' title='bbox 583 759 706 814; x_wconf 90' lang='lat' dir='ltr'><strong>consopita</strong></span> <span class='ocrx_word' id='word_1_61' title='bbox 723 756 811 804; x_wconf 90' lang='lat' dir='ltr'><strong>bellum</strong></span> <span class='ocrx_word' id='word_1_62' title='bbox 828 757 925 803; x_wconf 89' lang='lat' dir='ltr'><strong>tandem</strong></span> 
     </span>
     <span class='ocr_line' id='line_1_9' title="bbox 64 816 925 874; baseline 0 -13"><span class='ocrx_word' id='word_1_63' title='bbox 64 818 169 874; x_wconf 86' lang='lat' dir='ltr'><strong>quiescit.</strong></span> <span class='ocrx_word' id='word_1_64' title='bbox 181 816 261 870; x_wconf 73' lang='lat' dir='ltr'><strong>Vides.</strong></span> <span class='ocrx_word' id='word_1_65' title='bbox 273 819 361 874; x_wconf 90' lang='lat' dir='ltr'><strong>optime</strong></span> <span class='ocrx_word' id='word_1_66' title='bbox 372 816 452 871; x_wconf 78' lang='lat' dir='ltr'><strong>lector.</strong></span> <span class='ocrx_word' id='word_1_67' title='bbox 465 816 600 863; x_wconf 88' lang='lat' dir='ltr'><strong>turbulento</strong></span> <span class='ocrx_word' id='word_1_68' title='bbox 611 817 655 863; x_wconf 92' lang='lat' dir='ltr'><strong>hoc</strong></span> <span class='ocrx_word' id='word_1_69' title='bbox 667 822 772 874; x_wconf 90' lang='lat' dir='ltr'><strong>tempore</strong></span> <span class='ocrx_word' id='word_1_70' title='bbox 784 816 925 863; x_wconf 81' lang='lat' dir='ltr'><strong>inflammati</strong></span> 
     </span>
     <span class='ocr_line' id='line_1_10' title="bbox 65 876 924 935; baseline 0 -12"><span class='ocrx_word' id='word_1_71' title='bbox 65 876 152 924; x_wconf 91' lang='lat' dir='ltr'><strong>diaboli</strong></span> <span class='ocrx_word' id='word_1_72' title='bbox 164 879 275 924; x_wconf 90' lang='lat' dir='ltr'><strong>instinctu</strong></span> <span class='ocrx_word' id='word_1_73' title='bbox 285 878 404 925; x_wconf 87' lang='lat' dir='ltr'><strong>turbatam</strong></span> <span class='ocrx_word' id='word_1_74' title='bbox 415 878 558 935; x_wconf 66' lang='lat' dir='ltr'><strong>religionem.</strong></span> <span class='ocrx_word' id='word_1_75' title='bbox 572 878 634 930; x_wconf 78' lang='lat' dir='ltr'><strong>Quid</strong></span> <span class='ocrx_word' id='word_1_76' title='bbox 646 880 708 925; x_wconf 91' lang='lat' dir='ltr'><strong>enim</strong></span> <span class='ocrx_word' id='word_1_77' title='bbox 720 881 818 935; x_wconf 80' lang='lat' dir='ltr'><strong>turpius,</strong></span> <span class='ocrx_word' id='word_1_78' title='bbox 832 878 924 924; x_wconf 79' lang='lat' dir='ltr'><strong>foedius</strong></span> 
     </span>
     <span class='ocr_line' id='line_1_11' title="bbox 64 936 926 994; baseline 0 -12"><span class='ocrx_word' id='word_1_79' title='bbox 64 938 187 994; x_wconf 88' lang='lat' dir='ltr'><strong>minusque</strong></span> <span class='ocrx_word' id='word_1_80' title='bbox 205 939 346 983; x_wconf 87' lang='lat' dir='ltr'><strong>conveniens</strong></span> <span class='ocrx_word' id='word_1_81' title='bbox 363 937 484 991; x_wconf 82' lang='lat' dir='ltr'><strong>monacho.</strong></span> <span class='ocrx_word' id='word_1_82' title='bbox 503 936 608 983; x_wconf 91' lang='lat' dir='ltr'><strong>solitario</strong></span> <span class='ocrx_word' id='word_1_83' title='bbox 625 937 676 983; x_wconf 90' lang='lat' dir='ltr'><strong>Deo</strong></span> <span class='ocrx_word' id='word_1_84' title='bbox 694 939 778 991; x_wconf 84' lang='lat' dir='ltr'><strong>dicato,</strong></span> <span class='ocrx_word' id='word_1_85' title='bbox 797 937 926 983; x_wconf 88' lang='lat' dir='ltr'><strong>secundum</strong></span> 
     </span>
     <span class='ocr_line' id='line_1_12' title="bbox 65 997 926 1056; baseline 0.001 -13"><span class='ocrx_word' id='word_1_86' title='bbox 65 1014 160 1044; x_wconf 90' lang='lat' dir='ltr'><strong>carnem</strong></span> <span class='ocrx_word' id='word_1_87' title='bbox 168 997 255 1044; x_wconf 89' lang='lat' dir='ltr'><strong>mundo</strong></span> <span class='ocrx_word' id='word_1_88' title='bbox 265 1003 363 1052; x_wconf 82' lang='lat' dir='ltr'><strong>mortuo.</strong></span> <span class='ocrx_word' id='word_1_89' title='bbox 373 1015 444 1055; x_wconf 88' lang='lat' dir='ltr'><strong>quarn</strong></span> <span class='ocrx_word' id='word_1_90' title='bbox 454 1015 519 1044; x_wconf 88' lang='lat' dir='ltr'><strong>arma</strong></span> <span class='ocrx_word' id='word_1_91' title='bbox 529 1015 627 1053; x_wconf 90' lang='lat' dir='ltr'><strong>sumere,</strong></span> <span class='ocrx_word' id='word_1_92' title='bbox 638 998 766 1045; x_wconf 89' lang='lat' dir='ltr'><strong>terribilem</strong></span> <span class='ocrx_word' id='word_1_93' title='bbox 776 1016 801 1044; x_wconf 91' lang='lat' dir='ltr'><strong>se</strong></span> <span class='ocrx_word' id='word_1_94' title='bbox 811 998 926 1056; x_wconf 91' lang='lat' dir='ltr'><strong>praebere</strong></span> 
     </span>
     <span class='ocr_line' id='line_1_13' title="bbox 65 1057 925 1117; baseline 0.001 -15"><span class='ocrx_word' id='word_1_95' title='bbox 65 1057 177 1111; x_wconf 78' lang='lat' dir='ltr'><strong>omnibus.</strong></span> <span class='ocrx_word' id='word_1_96' title='bbox 191 1059 320 1104; x_wconf 89' lang='lat' dir='ltr'><strong>accinctum</strong></span> <span class='ocrx_word' id='word_1_97' title='bbox 343 1057 429 1117; x_wconf 45' lang='lat' dir='ltr'><strong>gladio!</strong></span> <span class='ocrx_word' id='word_1_98' title='bbox 441 1057 525 1115; x_wconf 88' lang='lat' dir='ltr'><strong>clypeo</strong></span> <span class='ocrx_word' id='word_1_99' title='bbox 537 1061 657 1112; x_wconf 87' lang='lat' dir='ltr'><strong>munitum,</strong></span> <span class='ocrx_word' id='word_1_100' title='bbox 671 1058 739 1114; x_wconf 65' lang='lat' dir='ltr'><strong>galea</strong></span> <span class='ocrx_word' id='word_1_101' title='bbox 751 1063 859 1115; x_wconf 90' lang='lat' dir='ltr'><strong>opertum</strong></span> <span class='ocrx_word' id='word_1_102' title='bbox 871 1057 925 1103; x_wconf 92' lang='lat' dir='ltr'><strong>hos-</strong></span> 
     </span>
     <span class='ocr_line' id='line_1_14' title="bbox 65 1118 925 1177; baseline -0.001 -13"><span class='ocrx_word' id='word_1_103' title='bbox 65 1118 126 1164; x_wconf 90' lang='lat' dir='ltr'><strong>tibus</strong></span> <span class='ocrx_word' id='word_1_104' title='bbox 140 1123 213 1164; x_wconf 85' lang='lat' dir='ltr'><strong>semet</strong></span> <span class='ocrx_word' id='word_1_105' title='bbox 226 1123 379 1175; x_wconf 88' lang='lat' dir='ltr'><strong>praesentare</strong></span> <span class='ocrx_word' id='word_1_106' title='bbox 393 1120 443 1177; x_wconf 77' lang='lat' dir='ltr'><strong>n)?</strong></span> <span class='ocrx_word' id='word_1_107' title='bbox 457 1118 509 1165; x_wconf 88' lang='lat' dir='ltr'><strong>Hae</strong></span> <span class='ocrx_word' id='word_1_108' title='bbox 522 1118 609 1165; x_wconf 90' lang='lat' dir='ltr'><strong>diaboli</strong></span> <span class='ocrx_word' id='word_1_109' title='bbox 622 1119 728 1173; x_wconf 74' lang='lat' dir='ltr'><strong>insidiae,</strong></span> <span class='ocrx_word' id='word_1_110' title='bbox 742 1119 826 1176; x_wconf 92' lang='lat' dir='ltr'><strong>quibus</strong></span> <span class='ocrx_word' id='word_1_111' title='bbox 840 1121 925 1164; x_wconf 86' lang='lat' dir='ltr'><strong>intoxi-</strong></span> 
     </span>
     <span class='ocr_line' id='line_1_15' title="bbox 65 1180 925 1237; baseline 0.001 -12"><span class='ocrx_word' id='word_1_112' title='bbox 65 1184 130 1226; x_wconf 89' lang='lat' dir='ltr'><strong>catos</strong></span> <span class='ocrx_word' id='word_1_113' title='bbox 142 1180 247 1225; x_wconf 91' lang='lat' dir='ltr'><strong>homines</strong></span> <span class='ocrx_word' id='word_1_114' title='bbox 259 1183 283 1225; x_wconf 93' lang='lat' dir='ltr'><strong>in</strong></span> <span class='ocrx_word' id='word_1_115' title='bbox 295 1184 422 1237; x_wconf 87' lang='lat' dir='ltr'><strong>perpetuas</strong></span> <span class='ocrx_word' id='word_1_116' title='bbox 435 1180 543 1225; x_wconf 86' lang='lat' dir='ltr'><strong>flammas</strong></span> <span class='ocrx_word' id='word_1_117' title='bbox 556 1180 668 1237; x_wconf 81' lang='lat' dir='ltr'><strong>coniicit!</strong></span> <span class='ocrx_word' id='word_1_118' title='bbox 689 1180 770 1226; x_wconf 83' lang='lat' dir='ltr'><strong>Abbas</strong></span> <span class='ocrx_word' id='word_1_119' title='bbox 783 1197 839 1226; x_wconf 91' lang='lat' dir='ltr'><strong>vero</strong></span> <span class='ocrx_word' id='word_1_120' title='bbox 852 1180 925 1226; x_wconf 88' lang='lat' dir='ltr'><strong>unde-</strong></span> 
     </span>
     <span class='ocr_line' id='line_1_16' title="bbox 65 1241 924 1299; baseline 0 -13"><span class='ocrx_word' id='word_1_121' title='bbox 65 1243 125 1286; x_wconf 89' lang='lat' dir='ltr'><strong>cimo</strong></span> <span class='ocrx_word' id='word_1_122' title='bbox 139 1257 196 1287; x_wconf 87' lang='lat' dir='ltr'><strong>suae</strong></span> <span class='ocrx_word' id='word_1_123' title='bbox 209 1241 328 1296; x_wconf 65' lang='lat' dir='ltr'><strong>dignitatis</strong></span> <span class='ocrx_word' id='word_1_124' title='bbox 341 1257 403 1286; x_wconf 91' lang='lat' dir='ltr'><strong>anno</strong></span> <span class='ocrx_word' id='word_1_125' title='bbox 416 1244 518 1287; x_wconf 86' lang='lat' dir='ltr'><strong>animam</strong></span> <span class='ocrx_word' id='word_1_126' title='bbox 531 1242 645 1287; x_wconf 79' lang='lat' dir='ltr'><strong>exhalans</strong></span> <span class='ocrx_word' id='word_1_127' title='bbox 658 1244 682 1286; x_wconf 87' lang='lat' dir='ltr'><strong>in</strong></span> <span class='ocrx_word' id='word_1_128' title='bbox 695 1242 796 1287; x_wconf 91' lang='lat' dir='ltr'><strong>Domino</strong></span> <span class='ocrx_word' id='word_1_129' title='bbox 808 1244 908 1299; x_wconf 90' lang='lat' dir='ltr'><strong>quiescit</strong></span> <span class='ocrx_word' id='word_1_130' title='bbox 919 1259 924 1294; x_wconf 68' lang='grc' dir='ltr'><strong><em>ς</em></strong></span> 
     </span>
     <span class='ocr_line' id='line_1_17' title="bbox 66 1299 925 1357; baseline 0.002 -13"><span class='ocrx_word' id='word_1_131' title='bbox 66 1302 89 1345; x_wconf 93' lang='lat' dir='ltr'><strong>in</strong></span> <span class='ocrx_word' id='word_1_132' title='bbox 102 1299 198 1346; x_wconf 90' lang='lat' dir='ltr'><strong>chorum</strong></span> <span class='ocrx_word' id='word_1_133' title='bbox 210 1299 303 1346; x_wconf 91' lang='lat' dir='ltr'><strong>delatus</strong></span> <span class='ocrx_word' id='word_1_134' title='bbox 315 1305 441 1357; x_wconf 79' lang='lat' dir='ltr'><strong>praesente</strong></span> <span class='ocrx_word' id='word_1_135' title='bbox 454 1300 548 1346; x_wconf 87' lang='lat' dir='ltr'><strong>domino</strong></span> <span class='ocrx_word' id='word_1_136' title='bbox 561 1305 629 1357; x_wconf 90' lang='lat' dir='ltr'><strong>patre</strong></span> <span class='ocrx_word' id='word_1_137' title='bbox 642 1300 727 1346; x_wconf 83' lang='lat' dir='ltr'><strong>abbate</strong></span> <span class='ocrx_word' id='word_1_138' title='bbox 739 1300 840 1346; x_wconf 89' lang='lat' dir='ltr'><strong>Valtone</strong></span> <span class='ocrx_word' id='word_1_139' title='bbox 853 1300 925 1346; x_wconf 91' lang='lat' dir='ltr'><strong>hono·</strong></span> 
     </span>
     <span class='ocr_line' id='line_1_18' title="bbox 65 1358 506 1416; baseline 0 -12"><span class='ocrx_word' id='word_1_140' title='bbox 65 1359 132 1405; x_wconf 85' lang='lat' dir='ltr'><strong>riiice</strong></span> <span class='ocrx_word' id='word_1_141' title='bbox 144 1358 257 1416; x_wconf 91' lang='lat' dir='ltr'><strong>sepelitur</strong></span> <span class='ocrx_word' id='word_1_142' title='bbox 270 1375 332 1405; x_wconf 90' lang='lat' dir='ltr'><strong>anno</strong></span> <span class='ocrx_word' id='word_1_143' title='bbox 345 1358 427 1405; x_wconf 83' lang='lat' dir='ltr'><strong>salutis</strong></span> <span class='ocrx_word' id='word_1_144' title='bbox 443 1362 506 1405; x_wconf 79' lang='lat'><strong>1347.</strong></span> 
     </span>
    </p>
   </div>
   <div class='ocr_carea' id='block_1_3' title="bbox 278 1483 710 1534">
    <p class='ocr_par' dir='ltr' id='par_1_3' title="bbox 278 1483 710 1534">
     <span class='ocr_line' id='line_1_19' title="bbox 278 1483 710 1534; baseline -0.007 -5"><span class='ocrx_word' id='word_1_145' title='bbox 278 1485 419 1529; x_wconf 87' lang='lat' dir='ltr'><strong>Vibrandus</strong></span> <span class='ocrx_word' id='word_1_146' title='bbox 429 1484 559 1534; x_wconf 76' lang='lat' dir='ltr'><strong>Vobbinga</strong></span> <span class='ocrx_word' id='word_1_147' title='bbox 570 1484 644 1527; x_wconf 84' lang='lat' dir='ltr'><strong>abbas</strong></span> <span class='ocrx_word' id='word_1_148' title='bbox 655 1483 710 1532; x_wconf 81' lang='lat' dir='ltr'><strong>XV.</strong></span> 
     </span>
    </p>
   </div>
   <div class='ocr_carea' id='block_1_4' title="bbox 61 1603 929 2565">
    <p class='ocr_par' dir='ltr' id='par_1_4' title="bbox 61 1603 929 2565">
     <span class='ocr_line' id='line_1_20' title="bbox 66 1603 927 1665; baseline -0.005 -13"><span class='ocrx_word' id='word_1_149' title='bbox 66 1605 198 1665; x_wconf 83' lang='lat' dir='ltr'><strong>Godeirido</strong></span> <span class='ocrx_word' id='word_1_150' title='bbox 211 1605 329 1659; x_wconf 71' lang='lat' dir='ltr'><strong>defuncto,</strong></span> <span class='ocrx_word' id='word_1_151' title='bbox 344 1610 470 1662; x_wconf 81' lang='lat' dir='ltr'><strong>praesente</strong></span> <span class='ocrx_word' id='word_1_152' title='bbox 484 1609 552 1661; x_wconf 91' lang='lat' dir='ltr'><strong>patre</strong></span> <span class='ocrx_word' id='word_1_153' title='bbox 567 1604 651 1650; x_wconf 82' lang='lat' dir='ltr'><strong>abbate</strong></span> <span class='ocrx_word' id='word_1_154' title='bbox 665 1603 693 1649; x_wconf 92' lang='lat' dir='ltr'><strong>D.</strong></span> <span class='ocrx_word' id='word_1_155' title='bbox 709 1603 810 1650; x_wconf 89' lang='lat' dir='ltr'><strong>Valtone</strong></span> <span class='ocrx_word' id='word_1_156' title='bbox 824 1621 871 1650; x_wconf 89' lang='lat' dir='ltr'><strong>uno</strong></span> <span class='ocrx_word' id='word_1_157' title='bbox 885 1621 927 1649; x_wconf 92' lang='lat' dir='ltr'><strong>ore</strong></span> 
     </span>
     <span class='ocr_line' id='line_1_21' title="bbox 68 1664 927 1723; baseline -0.003 -10"><span class='ocrx_word' id='word_1_158' title='bbox 68 1669 175 1714; x_wconf 90' lang='lat' dir='ltr'><strong>canonici</strong></span> <span class='ocrx_word' id='word_1_159' title='bbox 185 1683 266 1713; x_wconf 89' lang='lat' dir='ltr'><strong>omnes</strong></span> <span class='ocrx_word' id='word_1_160' title='bbox 278 1670 301 1712; x_wconf 90' lang='lat' dir='ltr'><strong>in</strong></span> <span class='ocrx_word' id='word_1_161' title='bbox 314 1666 373 1712; x_wconf 86' lang='lat' dir='ltr'><strong>aede</strong></span> <span class='ocrx_word' id='word_1_162' title='bbox 385 1665 510 1723; x_wconf 86' lang='lat' dir='ltr'><strong>capitulari</strong></span> <span class='ocrx_word' id='word_1_163' title='bbox 522 1671 575 1722; x_wconf 90' lang='lat' dir='ltr'><strong>post</strong></span> <span class='ocrx_word' id='word_1_164' title='bbox 587 1668 720 1711; x_wconf 82' lang='lat' dir='ltr'><strong>invocatam</strong></span> <span class='ocrx_word' id='word_1_165' title='bbox 732 1664 833 1721; x_wconf 89' lang='lat' dir='ltr'><strong>Spiritus</strong></span> <span class='ocrx_word' id='word_1_166' title='bbox 846 1664 927 1711; x_wconf 81' lang='lat' dir='ltr'><strong>Sancti</strong></span> 
     </span>
     <span class='ocr_line' id='line_1_22' title="bbox 66 1724 926 1785; baseline -0.002 -11"><span class='ocrx_word' id='word_1_167' title='bbox 66 1724 166 1785; x_wconf 68' lang='lat' dir='ltr'><strong>¹gratiam</strong></span> <span class='ocrx_word' id='word_1_168' title='bbox 178 1728 267 1785; x_wconf 72' lang='lat' dir='ltr'><strong>eligunt</strong></span> <span class='ocrx_word' id='word_1_169' title='bbox 279 1728 307 1774; x_wconf 91' lang='lat' dir='ltr'><strong>D.</strong></span> <span class='ocrx_word' id='word_1_170' title='bbox 320 1727 472 1781; x_wconf 76' lang='lat' dir='ltr'><strong>Vibrandum.</strong></span> <span class='ocrx_word' id='word_1_171' title='bbox 486 1727 576 1773; x_wconf 89' lang='lat' dir='ltr'><strong>Vineae</strong></span> <span class='ocrx_word' id='word_1_172' title='bbox 588 1727 682 1772; x_wconf 90' lang='lat' dir='ltr'><strong>Domini</strong></span> <span class='ocrx_word' id='word_1_173' title='bbox 694 1744 725 1784; x_wconf 91' lang='lat' dir='ltr'><strong>op</strong></span> <span class='ocrx_word' id='word_1_174' title='bbox 741 1727 756 1772; x_wconf 84' lang='lat' dir='ltr'><strong>&#39;t</strong></span> <span class='ocrx_word' id='word_1_175' title='bbox 770 1726 845 1781; x_wconf 88' lang='lat' dir='ltr'><strong>Sandt</strong></span> <span class='ocrx_word' id='word_1_176' title='bbox 858 1729 926 1784; x_wconf 90' lang='lat' dir='ltr'><strong>prae·</strong></span> 
     </span>
     <span class='ocr_line' id='line_1_23' title="bbox 66 1784 883 1844; baseline -0.002 -11"><span class='ocrx_word' id='word_1_177' title='bbox 66 1790 174 1844; x_wconf 82' lang='lat' dir='ltr'><strong>positum.</strong></span> <span class='ocrx_word' id='word_1_178' title='bbox 189 1790 312 1844; x_wconf 88' lang='lat' dir='ltr'><strong>ipsumque</strong></span> <span class='ocrx_word' id='word_1_179' title='bbox 326 1786 572 1836; x_wconf 83' lang='lat' dir='ltr'><strong>abbatemconiirmat</strong></span> <span class='ocrx_word' id='word_1_180' title='bbox 586 1791 653 1842; x_wconf 88' lang='lat' dir='ltr'><strong>pater</strong></span> <span class='ocrx_word' id='word_1_181' title='bbox 667 1784 740 1831; x_wconf 90' lang='lat' dir='ltr'><strong>abbas</strong></span> <span class='ocrx_word' id='word_1_182' title='bbox 754 1785 883 1843; x_wconf 82' lang='lat' dir='ltr'><strong>praelatus.</strong></span> 
     </span>
     <span class='ocr_line' id='line_1_24' title="bbox 65 1844 928 1903; baseline -0.006 -11"><span class='ocrx_word' id='word_1_183' title='bbox 65 1846 101 1892; x_wconf 82' lang='lat' dir='ltr'><strong>Ex</strong></span> <span class='ocrx_word' id='word_1_184' title='bbox 112 1857 172 1903; x_wconf 70' lang='lat' dir='ltr'><strong>pago</strong></span> <span class='ocrx_word' id='word_1_185' title='bbox 179 1846 295 1903; x_wconf 85' lang='lat' dir='ltr'><strong>Weydom</strong></span> <span class='ocrx_word' id='word_1_186' title='bbox 302 1850 380 1891; x_wconf 88' lang='lat' dir='ltr'><strong>castro</strong></span> <span class='ocrx_word' id='word_1_187' title='bbox 387 1844 516 1901; x_wconf 68' lang='lat' dir='ltr'><strong>Vobbinga²</strong></span> <span class='ocrx_word' id='word_1_188' title='bbox 523 1844 636 1890; x_wconf 87' lang='lat' dir='ltr'><strong>oriundus</strong></span> <span class='ocrx_word' id='word_1_189' title='bbox 643 1846 831 1901; x_wconf 86' lang='lat' dir='ltr'><strong>praeposituram</strong></span> <span class='ocrx_word' id='word_1_190' title='bbox 838 1853 928 1890; x_wconf 86' lang='lat' dir='ltr'><strong>summa</strong></span> 
     </span>
     <span class='ocr_line' id='line_1_25' title="bbox 64 1902 928 1963; baseline 0 -13"><span class='ocrx_word' id='word_1_191' title='bbox 64 1906 190 1963; x_wconf 87' lang='lat' dir='ltr'><strong>prudentia</strong></span> <span class='ocrx_word' id='word_1_192' title='bbox 197 1907 265 1952; x_wconf 82' lang='lat' dir='ltr'><strong>rexit.</strong></span> <span class='ocrx_word' id='word_1_193' title='bbox 276 1904 386 1950; x_wconf 90' lang='lat' dir='ltr'><strong>Castrum</strong></span> <span class='ocrx_word' id='word_1_194' title='bbox 394 1904 421 1963; x_wconf 80' lang='lat' dir='ltr'><strong>b)</strong></span> <span class='ocrx_word' id='word_1_195' title='bbox 430 1907 453 1950; x_wconf 91' lang='lat' dir='ltr'><strong>in</strong></span> <span class='ocrx_word' id='word_1_196' title='bbox 462 1903 558 1962; x_wconf 80' lang='lat' dir='ltr'><strong>Wynia³</strong></span> <span class='ocrx_word' id='word_1_197' title='bbox 567 1904 661 1950; x_wconf 89' lang='lat' dir='ltr'><strong>ditionis</strong></span> <span class='ocrx_word' id='word_1_198' title='bbox 670 1905 813 1957; x_wconf 85' lang='lat' dir='ltr'><strong>monasticae</strong></span> <span class='ocrx_word' id='word_1_199' title='bbox 822 1902 928 1949; x_wconf 77' lang='lat' dir='ltr'><strong>funditus</strong></span> 
     </span>
     <span class='ocr_line' id='line_1_26' title="bbox 69 1964 928 2022; baseline -0.003 -9"><span class='ocrx_word' id='word_1_200' title='bbox 69 1984 177 2013; x_wconf 91' lang='lat' dir='ltr'><strong>eversum</strong></span> <span class='ocrx_word' id='word_1_201' title='bbox 191 1983 206 2012; x_wconf 93' lang='lat' dir='ltr'><strong>a</strong></span> <span class='ocrx_word' id='word_1_202' title='bbox 220 1967 379 2013; x_wconf 72' lang='lat' dir='ltr'><strong>fundamentis</strong></span> <span class='ocrx_word' id='word_1_203' title='bbox 395 1968 476 2019; x_wconf 77' lang='lat' dir='ltr'><strong>erexit.</strong></span> <span class='ocrx_word' id='word_1_204' title='bbox 493 1965 660 2011; x_wconf 89' lang='lat' dir='ltr'><strong>monachorum</strong></span> <span class='ocrx_word' id='word_1_205' title='bbox 675 1964 765 2011; x_wconf 90' lang='lat' dir='ltr'><strong>Floridi</strong></span> <span class='ocrx_word' id='word_1_206' title='bbox 780 1964 864 2022; x_wconf 90' lang='lat' dir='ltr'><strong>Campi</strong></span> <span class='ocrx_word' id='word_1_207' title='bbox 879 1968 928 2011; x_wconf 94' lang='lat' dir='ltr'><strong>vio-</strong></span> 
     </span>
     <span class='ocr_line' id='line_1_27' title="bbox 67 2026 927 2084; baseline -0.002 -10"><span class='ocrx_word' id='word_1_208' title='bbox 67 2028 154 2075; x_wconf 91' lang='lat' dir='ltr'><strong>lentiae</strong></span> <span class='ocrx_word' id='word_1_209' title='bbox 166 2030 285 2082; x_wconf 76' lang='lat' dir='ltr'><strong>resistens,</strong></span> <span class='ocrx_word' id='word_1_210' title='bbox 298 2029 395 2084; x_wconf 89' lang='lat' dir='ltr'><strong>tametsi</strong></span> <span class='ocrx_word' id='word_1_211' title='bbox 404 2033 428 2074; x_wconf 89' lang='lat' dir='ltr'><strong>et</strong></span> <span class='ocrx_word' id='word_1_212' title='bbox 440 2026 527 2073; x_wconf 91' lang='lat' dir='ltr'><strong>viribus</strong></span> <span class='ocrx_word' id='word_1_213' title='bbox 540 2033 563 2073; x_wconf 91' lang='lat' dir='ltr'><strong>et</strong></span> <span class='ocrx_word' id='word_1_214' title='bbox 576 2027 662 2073; x_wconf 91' lang='lat' dir='ltr'><strong>divitiis</strong></span> <span class='ocrx_word' id='word_1_215' title='bbox 675 2029 757 2083; x_wconf 88' lang='lat' dir='ltr'><strong>impar,</strong></span> <span class='ocrx_word' id='word_1_216' title='bbox 771 2026 824 2072; x_wconf 92' lang='lat' dir='ltr'><strong>illos</strong></span> <span class='ocrx_word' id='word_1_217' title='bbox 838 2043 927 2073; x_wconf 90' lang='lat' dir='ltr'><strong>summo</strong></span> 
     </span>
     <span class='ocr_line' id='line_1_28' title="bbox 68 2087 927 2146; baseline -0.003 -10"><span class='ocrx_word' id='word_1_218' title='bbox 68 2089 184 2136; x_wconf 88' lang='lat' dir='ltr'><strong>dedecore</strong></span> <span class='ocrx_word' id='word_1_219' title='bbox 197 2089 346 2135; x_wconf 88' lang='lat' dir='ltr'><strong>retrocedere</strong></span> <span class='ocrx_word' id='word_1_220' title='bbox 359 2091 441 2146; x_wconf 73' lang='lat' dir='ltr'><strong>co&#39;e&#39;git.</strong></span> <span class='ocrx_word' id='word_1_221' title='bbox 456 2089 482 2146; x_wconf 87' lang='lat' dir='ltr'><strong>c)</strong></span> <span class='ocrx_word' id='word_1_222' title='bbox 495 2087 576 2134; x_wconf 81' lang='lat' dir='ltr'><strong>Abbas</strong></span> <span class='ocrx_word' id='word_1_223' title='bbox 590 2088 679 2134; x_wconf 90' lang='lat' dir='ltr'><strong>electus</strong></span> <span class='ocrx_word' id='word_1_224' title='bbox 693 2090 835 2134; x_wconf 90' lang='lat' dir='ltr'><strong>monasterio</strong></span> <span class='ocrx_word' id='word_1_225' title='bbox 848 2091 927 2135; x_wconf 90' lang='lat' dir='ltr'><strong>incen-</strong></span> 
     </span>
     <span class='ocr_line' id='line_1_29' title="bbox 67 2147 928 2206; baseline -0.002 -12"><span class='ocrx_word' id='word_1_226' title='bbox 67 2149 118 2202; x_wconf 83' lang='lat' dir='ltr'><strong>diis,</strong></span> <span class='ocrx_word' id='word_1_227' title='bbox 139 2151 228 2206; x_wconf 87' lang='lat' dir='ltr'><strong>rapinis</strong></span> <span class='ocrx_word' id='word_1_228' title='bbox 248 2148 402 2205; x_wconf 82' lang='lat' dir='ltr'><strong>cladibusque</strong></span> <span class='ocrx_word' id='word_1_229' title='bbox 422 2149 524 2204; x_wconf 65' lang='lat' dir='ltr'><strong>graviter</strong></span> <span class='ocrx_word' id='word_1_230' title='bbox 544 2152 655 2193; x_wconf 90' lang='lat' dir='ltr'><strong>enervato</strong></span> <span class='ocrx_word' id='word_1_231' title='bbox 676 2147 781 2193; x_wconf 90' lang='lat' dir='ltr'><strong>studiose</strong></span> <span class='ocrx_word' id='word_1_232' title='bbox 801 2147 928 2193; x_wconf 90' lang='lat' dir='ltr'><strong>admodum</strong></span> 
     </span>
     <span class='ocr_line' id='line_1_30' title="bbox 61 2207 927 2268; baseline -0.001 -13"><span class='ocrx_word' id='word_1_233' title='bbox 61 2210 162 2268; x_wconf 84' lang='lat' dir='ltr'><strong>proluit.</strong></span> <span class='ocrx_word' id='word_1_234' title='bbox 173 2208 265 2267; x_wconf 91' lang='lat' dir='ltr'><strong>Templi</strong></span> <span class='ocrx_word' id='word_1_235' title='bbox 274 2209 404 2256; x_wconf 85' lang='lat' dir='ltr'><strong>testudines</strong></span> <span class='ocrx_word' id='word_1_236' title='bbox 415 2209 516 2255; x_wconf 87' lang='lat' dir='ltr'><strong>trabium</strong></span> <span class='ocrx_word' id='word_1_237' title='bbox 526 2207 627 2254; x_wconf 89' lang='lat' dir='ltr'><strong>illisione</strong></span> <span class='ocrx_word' id='word_1_238' title='bbox 638 2224 744 2265; x_wconf 79' lang='lat' dir='ltr'><strong>quassas,</strong></span> <span class='ocrx_word' id='word_1_239' title='bbox 756 2208 861 2254; x_wconf 91' lang='lat' dir='ltr'><strong>Dodonis</strong></span> <span class='ocrx_word' id='word_1_240' title='bbox 872 2226 927 2254; x_wconf 91' lang='lat' dir='ltr'><strong>con·</strong></span> 
     </span>
     <span class='ocr_line' id='line_1_31' title="bbox 67 2268 927 2325; baseline -0.002 -10"><span class='ocrx_word' id='word_1_241' title='bbox 67 2273 129 2315; x_wconf 91' lang='lat' dir='ltr'><strong>versi</strong></span> <span class='ocrx_word' id='word_1_242' title='bbox 154 2271 250 2316; x_wconf 90' lang='lat' dir='ltr'><strong>murarii</strong></span> <span class='ocrx_word' id='word_1_243' title='bbox 275 2269 464 2315; x_wconf 80' lang='lat' dir='ltr'><strong>artificiosissimi</strong></span> <span class='ocrx_word' id='word_1_244' title='bbox 481 2284 554 2325; x_wconf 90' lang='lat' dir='ltr'><strong>opera</strong></span> <span class='ocrx_word' id='word_1_245' title='bbox 573 2285 603 2313; x_wconf 81' lang='lat' dir='ltr'><strong>ex</strong></span> <span class='ocrx_word' id='word_1_246' title='bbox 621 2270 711 2324; x_wconf 69' lang='lat' dir='ltr'><strong>integro</strong></span> <span class='ocrx_word' id='word_1_247' title='bbox 730 2270 835 2325; x_wconf 85' lang='lat' dir='ltr'><strong>exceptis</strong></span> <span class='ocrx_word' id='word_1_248' title='bbox 853 2268 927 2314; x_wconf 90' lang='lat' dir='ltr'><strong>tribus</strong></span> 
     </span>
     <span class='ocr_line' id='line_1_32' title="bbox 68 2329 929 2389; baseline -0.001 -12"><span class='ocrx_word' id='word_1_249' title='bbox 68 2330 236 2389; x_wconf 91' lang='lat' dir='ltr'><strong>posterioribus</strong></span> <span class='ocrx_word' id='word_1_250' title='bbox 244 2333 353 2377; x_wconf 86' lang='lat' dir='ltr'><strong>restituit.</strong></span> <span class='ocrx_word' id='word_1_251' title='bbox 363 2329 529 2376; x_wconf 89' lang='lat' dir='ltr'><strong>Nosocomium</strong></span> <span class='ocrx_word' id='word_1_252' title='bbox 537 2345 703 2375; x_wconf 90' lang='lat' dir='ltr'><strong>conversorum</strong></span> <span class='ocrx_word' id='word_1_253' title='bbox 712 2346 798 2375; x_wconf 91' lang='lat' dir='ltr'><strong>novum</strong></span> <span class='ocrx_word' id='word_1_254' title='bbox 807 2329 929 2376; x_wconf 88' lang='lat' dir='ltr'><strong>aediculae</strong></span> 
     </span>
     <span class='ocr_line' id='line_1_33' title="bbox 70 2388 929 2446; baseline -0.001 -10"><span class='ocrx_word' id='word_1_255' title='bbox 70 2407 152 2437; x_wconf 89' lang='lat' dir='ltr'><strong>sacrae</strong></span> <span class='ocrx_word' id='word_1_256' title='bbox 176 2391 244 2436; x_wconf 91' lang='lat' dir='ltr'><strong>divae</strong></span> <span class='ocrx_word' id='word_1_257' title='bbox 267 2389 357 2446; x_wconf 75' lang='lat' dir='ltr'><strong>Virgini</strong></span> <span class='ocrx_word' id='word_1_258' title='bbox 380 2391 404 2434; x_wconf 92' lang='lat' dir='ltr'><strong>in</strong></span> <span class='ocrx_word' id='word_1_259' title='bbox 427 2391 562 2435; x_wconf 90' lang='lat' dir='ltr'><strong>coemiterio</strong></span> <span class='ocrx_word' id='word_1_260' title='bbox 578 2389 757 2445; x_wconf 89' lang='lat' dir='ltr'><strong>septentrionali</strong></span> <span class='ocrx_word' id='word_1_261' title='bbox 773 2388 870 2443; x_wconf 78' lang='lat' dir='ltr'><strong>addidit¹</strong></span> <span class='ocrx_word' id='word_1_262' title='bbox 888 2389 929 2435; x_wconf 90' lang='lat' dir='ltr'><strong>illc</strong></span> 
     </span>
     <span class='ocr_line' id='line_1_34' title="bbox 68 2450 929 2510; baseline -0.002 -12"><span class='ocrx_word' id='word_1_263' title='bbox 68 2455 141 2510; x_wconf 84' lang='lat' dir='ltr'><strong>pestis</strong></span> <span class='ocrx_word' id='word_1_264' title='bbox 164 2457 270 2508; x_wconf 90' lang='lat' dir='ltr'><strong>ternpore</strong></span> <span class='ocrx_word' id='word_1_265' title='bbox 293 2452 324 2497; x_wconf 94' lang='lat' dir='ltr'><strong>ad</strong></span> <span class='ocrx_word' id='word_1_266' title='bbox 348 2451 452 2497; x_wconf 88' lang='lat' dir='ltr'><strong>curanda</strong></span> <span class='ocrx_word' id='word_1_267' title='bbox 475 2460 599 2507; x_wconf 67' lang='lat' dir='ltr'><strong>aegrorum</strong></span> <span class='ocrx_word' id='word_1_268' title='bbox 615 2466 714 2507; x_wconf 89' lang='lat' dir='ltr'><strong>corpora</strong></span> <span class='ocrx_word' id='word_1_269' title='bbox 731 2450 822 2507; x_wconf 74' lang='lat' dir='ltr'><strong>longius</strong></span> <span class='ocrx_word' id='word_1_270' title='bbox 838 2456 929 2496; x_wconf 89' lang='lat' dir='ltr'><strong>semota</strong></span> 
     </span>
     <span class='ocr_line' id='line_1_35' title="bbox 68 2528 160 2565; baseline -0.022 -6"><span class='ocrx_word' id='word_1_271' title='bbox 68 2528 160 2565; x_wconf 88' lang='lat' dir='ltr'><strong>usurus.</strong></span> 
     </span>
    </p>
   </div>
   <div class='ocr_carea' id='block_1_5' title="bbox 68 2676 924 2888">
    <p class='ocr_par' dir='ltr' id='par_1_5' title="bbox 68 2676 924 2888">
     <span class='ocr_line' id='line_1_36' title="bbox 92 2676 924 2739; baseline -0.008 -5"><span class='ocrx_word' id='word_1_272' title='bbox 92 2698 112 2739; x_wconf 82' lang='lat' dir='ltr'><strong>al</strong></span> <span class='ocrx_word' id='word_1_273' title='bbox 137 2698 196 2734; x_wconf 77' lang='lat' dir='ltr'><strong>add:</strong></span> <span class='ocrx_word' id='word_1_274' title='bbox 215 2696 245 2732; x_wconf 86' lang='lat' dir='ltr'><strong>cui</strong></span> <span class='ocrx_word' id='word_1_275' title='bbox 259 2705 284 2732; x_wconf 80' lang='lat' dir='ltr'><strong>ex</strong></span> <span class='ocrx_word' id='word_1_276' title='bbox 297 2695 393 2738; x_wconf 77' lang='lat' dir='ltr'><strong>precepto</strong></span> <span class='ocrx_word' id='word_1_277' title='bbox 403 2676 446 2730; x_wconf 85' lang='lat' dir='ltr'><strong>divi</strong></span> <span class='ocrx_word' id='word_1_278' title='bbox 459 2693 514 2729; x_wconf 87' lang='lat' dir='ltr'><strong>Pauli</strong></span> <span class='ocrx_word' id='word_1_279' title='bbox 527 2692 590 2735; x_wconf 85' lang='lat' dir='ltr'><strong>longa</strong></span> <span class='ocrx_word' id='word_1_280' title='bbox 603 2692 724 2735; x_wconf 82' lang='lat' dir='ltr'><strong>prestantior</strong></span> <span class='ocrx_word' id='word_1_281' title='bbox 738 2692 796 2728; x_wconf 86' lang='lat' dir='ltr'><strong>datur</strong></span> <span class='ocrx_word' id='word_1_282' title='bbox 805 2693 924 2735; x_wconf 87' lang='lat' dir='ltr'><strong>panoplica:</strong></span> 
     </span>
     <span class='ocr_line' id='line_1_37' title="bbox 68 2742 895 2803; baseline -0.007 -20"><span class='ocrx_word' id='word_1_283' title='bbox 68 2748 146 2791; x_wconf 84' lang='lat' dir='ltr'><strong>gladius</strong></span> <span class='ocrx_word' id='word_1_284' title='bbox 157 2747 245 2803; x_wconf 73' lang='lat' dir='ltr'><strong>spiritus,</strong></span> <span class='ocrx_word' id='word_1_285' title='bbox 256 2746 331 2788; x_wconf 82' lang='lat' dir='ltr'><strong>clipeus</strong></span> <span class='ocrx_word' id='word_1_286' title='bbox 341 2744 396 2785; x_wconf 79' lang='lat' dir='ltr'><strong>ridel,</strong></span> <span class='ocrx_word' id='word_1_287' title='bbox 408 2743 466 2786; x_wconf 86' lang='lat' dir='ltr'><strong>galea</strong></span> <span class='ocrx_word' id='word_1_288' title='bbox 478 2742 562 2785; x_wconf 84' lang='lat' dir='ltr'><strong>salutis;</strong></span> <span class='ocrx_word' id='word_1_289' title='bbox 579 2742 615 2778; x_wconf 82' lang='lat' dir='ltr'><strong>trec</strong></span> <span class='ocrx_word' id='word_1_290' title='bbox 626 2742 686 2777; x_wconf 78' lang='lat' dir='ltr'><strong>latius</strong></span> <span class='ocrx_word' id='word_1_291' title='bbox 697 2742 718 2777; x_wconf 86' lang='lat' dir='ltr'><strong>in</strong></span> <span class='ocrx_word' id='word_1_292' title='bbox 730 2742 798 2777; x_wconf 88' lang='lat' dir='ltr'><strong>codice</strong></span> <span class='ocrx_word' id='word_1_293' title='bbox 810 2742 895 2784; x_wconf 78' lang='lat' dir='ltr'><strong>maiori,-</strong></span> 
     </span>
     <span class='ocr_line' id='line_1_38' title="bbox 92 2797 797 2888; baseline -0.009 -6"><span class='ocrx_word' id='word_1_294' title='bbox 92 2797 113 2888; x_wconf 43' lang='grc' dir='ltr'><strong>ὃ)</strong></span> <span class='ocrx_word' id='word_1_295' title='bbox 137 2805 351 2882; x_wconf 46' lang='lat' dir='ltr'><strong>33:126&amp;ssectOE</strong></span> <span class='ocrx_word' id='word_1_296' title='bbox 365 2842 417 2879; x_wconf 84' lang='lat' dir='ltr'><strong>bella</strong></span> <span class='ocrx_word' id='word_1_297' title='bbox 429 2841 545 2883; x_wconf 83' lang='lat' dir='ltr'><strong>monastica,</strong></span> <span class='ocrx_word' id='word_1_298' title='bbox 558 2841 664 2878; x_wconf 82' lang='lat' dir='ltr'><strong>Sathaniae</strong></span> <span class='ocrx_word' id='word_1_299' title='bbox 677 2840 782 2877; x_wconf 83' lang='lat' dir='ltr'><strong>ludibrium</strong></span> <span class='ocrx_word' id='word_1_300' title='bbox 789 2851 797 2882; x_wconf 89' lang='lat'><em>;</em></span> 
     </span>
    </p>
   </div>
   <div class='ocr_carea' id='block_1_6' title="bbox 93 2938 929 3127">
    <p class='ocr_par' dir='ltr' id='par_1_6' title="bbox 93 2938 929 3127">
     <span class='ocr_line' id='line_1_39' title="bbox 97 2938 676 2985; baseline -0.014 -3"><span class='ocrx_word' id='word_1_301' title='bbox 97 2947 103 2981; x_wconf 93' lang='lat' dir='ltr'><strong>l</strong></span> <span class='ocrx_word' id='word_1_302' title='bbox 131 2944 271 2982; x_wconf 73' lang='lat' dir='ltr'><strong>cistercienses</strong></span> <span class='ocrx_word' id='word_1_303' title='bbox 282 2942 333 2985; x_wconf 83' lang='lat' dir='ltr'><strong>abdii</strong></span> <span class='ocrx_word' id='word_1_304' title='bbox 345 2938 521 2980; x_wconf 71' lang='lat' dir='ltr'><strong>onuer&#39;Hartwerd</strong></span> <span class='ocrx_word' id='word_1_305' title='bbox 533 2940 558 2983; x_wconf 77' lang='lat' dir='ltr'><strong>bii</strong></span> <span class='ocrx_word' id='word_1_306' title='bbox 570 2939 676 2976; x_wconf 82' lang='lat' dir='ltr'><strong>Bolsward.</strong></span> 
     </span>
     <span class='ocr_line' id='line_1_40' title="bbox 93 2989 453 3035; baseline -0.014 -5"><span class='ocrx_word' id='word_1_307' title='bbox 93 2994 104 3030; x_wconf 83' lang='lat'>2</span> <span class='ocrx_word' id='word_1_308' title='bbox 129 2991 247 3035; x_wconf 72' lang='lat' dir='ltr'><strong>Wobbinga</strong></span> <span class='ocrx_word' id='word_1_309' title='bbox 258 2994 310 3028; x_wconf 82' lang='lat' dir='ltr'><strong>state</strong></span> <span class='ocrx_word' id='word_1_310' title='bbox 320 2990 346 3033; x_wconf 80' lang='lat' dir='ltr'><strong>bii</strong></span> <span class='ocrx_word' id='word_1_311' title='bbox 357 2989 453 3026; x_wconf 89' lang='lat' dir='ltr'><strong>Weidum.</strong></span> 
     </span>
     <span class='ocr_line' id='line_1_41' title="bbox 93 3035 929 3127; baseline -0.007 -49"><span class='ocrx_word' id='word_1_312' title='bbox 93 3043 105 3078; x_wconf 88' lang='lat'><strong>3</strong></span> <span class='ocrx_word' id='word_1_313' title='bbox 129 3039 307 3127; x_wconf 48' lang='lat' dir='ltr'><strong>griffilogsetlgrrrcht</strong></span> <span class='ocrx_word' id='word_1_314' title='bbox 331 3038 394 3076; x_wconf 90' lang='lat' dir='ltr'><strong>onder</strong></span> <span class='ocrx_word' id='word_1_315' title='bbox 418 3036 536 3082; x_wconf 84' lang='lat' dir='ltr'><strong>Oosterend,</strong></span> <span class='ocrx_word' id='word_1_316' title='bbox 555 3040 588 3073; x_wconf 82' lang='lat' dir='ltr'><strong>ten</strong></span> <span class='ocrx_word' id='word_1_317' title='bbox 607 3035 660 3073; x_wconf 88' lang='lat' dir='ltr'>N.W.</span> <span class='ocrx_word' id='word_1_318' title='bbox 680 3046 716 3072; x_wconf 86' lang='lat' dir='ltr'><strong>van</strong></span> <span class='ocrx_word' id='word_1_319' title='bbox 736 3035 806 3081; x_wconf 85' lang='lat' dir='ltr'><strong>Sneek,</strong></span> <span class='ocrx_word' id='word_1_320' title='bbox 825 3036 879 3074; x_wconf 74' lang='grc' dir='ltr'>Ν.Ο.,</span> <span class='ocrx_word' id='word_1_321' title='bbox 892 3047 929 3073; x_wconf 83' lang='lat' dir='ltr'><strong>van</strong></span> 
     </span>
    </p>
   </div>
   <div class='ocr_carea' id='block_1_7' title="bbox 0 0 1072 3546">
    <p class='ocr_par' dir='ltr' id='par_1_7' title="bbox 0 0 1072 3546">
     <span class='ocr_line' id='line_1_42' title="bbox 0 0 1072 3546; baseline 0 0"><span class='ocrx_word' id='word_1_322' title='bbox 0 0 1072 3546; x_wconf 95' lang='lat' dir='ltr'><strong> </strong></span> 
     </span>
    </p>
   </div>
  </div>
 </body>
</html>
