2121 3546
564 217 593 262 64

148 338 250 386 Multum
285 337 320 384 illi
354 340 441 396 negotii
476 338 521 386 luit
556 356 610 386 cum
645 341 692 386 suis
730 338 760 385 de
796 338 885 385 ordinis
922 340 1005 395 rigore.

147 414 219 455 quem
252 398 360 456 plerique
394 398 509 455 religione
544 400 633 445 sensim
666 398 811 455 frigescente
846 399 1005 444 intermitten-

148 463 191 512 tes.
225 457 339 504 laxiorem
366 458 539 508 ¹desiderabant
573 460 636 505 vitae
669 459 792 504 tramitem.
827 457 861 504 At
896 456 936 503 ille
971 459 1007 503 vir

147 517 258 574 prudens,
287 519 386 574 integer,
414 523 500 563 natura
528 522 646 572 strenuus.
675 517 706 564 de
734 517 823 564 ordinis
851 516 1006 563 observantia

148 576 206 623 nihil
215 579 342 631 remittens,
353 576 475 634 indulgere
484 576 531 623 illis
542 577 670 635 quidquam
680 578 707 635 a)
717 578 799 634 potuit,
811 578 1008 634 poenitentiarum

150 636 345 683 macerationibus
355 641 378 682 et
388 653 483 682 carcere
491 654 548 683 usus
558 637 658 684 fratrum
667 639 760 694 ipsimet
770 635 880 682 conciliat
889 635 1007 690 invidiam,

150 715 197 755 qua
219 700 242 743 in
264 700 346 755 quovis
362 698 460 756 collegio
475 698 533 745 nihil
548 701 615 757 peius
631 704 671 745 aut
685 700 839 756 perniciosius
855 714 908 744 esse
923 701 1007 755 potest.

151 759 216 806 Haec
233 759 275 806 alit
291 760 421 807 simultates
438 777 467 806 ac
483 761 547 807 velut
564 760 688 808 sublucens
706 762 765 817 ignis
782 763 806 806 in
823 777 849 806 se
866 776 1008 817 compressa,

150 824 244 868 tametsi
269 827 363 879 praeter
389 822 478 869 fumum
496 822 554 868 nihil
572 825 669 877 emittat,
689 822 803 870 sumendo
821 824 883 868 vires
902 822 1009 879 flatuque

150 884 195 930 levi
206 887 310 930 excitata
321 889 427 941 apertam
438 885 549 944 producit
559 884 685 939 flammam,
698 884 762 942 quod
773 886 797 930 in
808 884 844 930 his
857 886 1009 941 conspicuum

151 948 193 989 est.
207 942 238 988 Hi
250 960 335 1000 nempe
348 944 379 990 ad
392 949 484 1000 tempus
498 961 580 1001 presso
594 944 673 990 lurore
687 944 717 990 de
730 943 800 990 modo
813 946 890 1001 ipsum
903 943 1008 990 hostibus

151 1005 267 1062 prodendi
278 1007 359 1051 ineunt
371 1005 500 1052 eonsilium.
513 1005 672 1052 Roordamani
685 1011 708 1052 et
720 1005 774 1052 huic
786 1006 840 1052 odio
853 1008 973 1052 vatiniano
986 1011 1009 1052 et

150 1066 294 1124 implacabili
308 1067 400 1121 infensi,
415 1084 466 1113 rem
480 1085 533 1114 cum
548 1071 595 1114 suis
611 1067 722 1114 fratribus
737 1070 915 1121 communicant,
930 1072 957 1113 ut
971 1068 1009 1113 vel

151 1128 195 1174 hac
207 1130 245 1174 via
257 1128 370 1185 dignitate
382 1128 471 1186 pulsus³
484 1132 521 1176 sui
532 1128 717 1187 rigoris'poenas
730 1129 812 1176 lueret,
825 1129 967 1186 Designatur
980 1129 1009 1175 ab

151 1193 257 1248 utrisque
269 1191 319 1237 dies
331 1196 355 1237 et
366 1190 431 1245 hora,
444 1208 491 1249 qua
503 1194 568 1249 ipsus
581 1194 604 1237 in
616 1190 671 1238 aula
684 1190 754 1246 solus,
768 1201 837 1248 aeger
850 1196 874 1238 et
885 1194 1009 1249 quiescens

151 1257 231 1310 posset
240 1254 346 1309 opprimi.
357 1253 397 1299 Ad
405 1253 487 1299 horam
496 1253 583 1299 dictam
592 1253 620 1299 tit
628 1263 726 1310 magnus
736 1269 903 1311 campanarum
912 1256 1008 1308 sonitus,

151 1331 198 1371 quo
209 1315 289 1360 audito
301 1314 405 1361 loannes
417 1314 512 1361 Roorda
523 1318 571 1361 suis
583 1317 683 1372 stipatus
694 1314 805 1361 militibus
817 1317 984 1361 monasterium
995 1333 1010 1361 a

151 1380 219 1433 parte
228 1376 337 1422 orientali
345 1379 437 1434 navigio
446 1379 543 1430 intrans,
552 1379 654 1434 trajecta
663 1376 734 1431 fossa,
743 1376 825 1423 valvas
834 1377 903 1423 aulae
912 1382 1008 1432 reserat¹

151 1438 269 1483 fenestras
284 1438 397 1484 effractas
414 1440 496 1496 aperit
512 1438 671 1495 spectantibus
688 1441 823 1485 monasterii
839 1438 957 1493 fratribus.
974 1441 1009 1496 ip-

149 1515 201 1545 sum
213 1498 308 1546 abbatis
321 1499 399 1546 cubile
411 1502 510 1553 irruens.
523 1500 543 1545 F
543 1500 652 1546 olkerum
664 1500 805 1558 proditionis
818 1503 918 1547 inscium
931 1501 1008 1547 solum

152 1559 259 1605 offendit.
278 1559 413 1616 Antequam
430 1559 489 1605 haec
507 1560 567 1606 fiunt
585 1577 615 1606 ex
632 1560 726 1616 fragore
744 1562 857 1606 ostiorum
875 1559 947 1606 abbas
966 1560 1010 1606 sibi

140 1626 264 1675 metuens,
276 1624 421 1678 marsupium
432 1638 489 1667 auro
500 1620 596 1677 plenum
607 1621 712 1667 fenestra
723 1624 825 1678 eiectum
836 1624 860 1667 in
872 1621 1010 1679 subjacente

151 1684 251 1728 urticeto
264 1681 435 1737 occultandum,
449 1683 478 1729 ab
492 1685 549 1740 ipsis
562 1683 674 1729 militibus
688 1689 711 1729 et
724 1685 842 1729 conversis
856 1685 1009 1741 intercipitur.

152 1742 213 1789 Hinc
230 1743 361 1790 durioribus
378 1744 455 1790 verbis
472 1749 496 1790 et
512 1744 658 1791 contumeliis
676 1747 753 1802 ipsum
770 1745 866 1791 adortus
884 1750 1010 1802 praesente

151 1805 253 1851 satellite
276 1805 370 1852 abbatia
393 1806 509 1860 eductum,
534 1806 600 1863 fugat
615 1812 639 1853 et
655 1806 722 1864 pellit
738 1824 873 1853 annovsuae
890 1807 1009 1864 dignitatis

149 1865 255 1910 secunda
265 1866 318 1911 vice
329 1865 422 1911 decimo
434 1870 527 1919 octavo,
539 1871 624 1923 partae
635 1865 718 1912 salutis
732 1869 795 1913 1468,
806 1866 881 1913 Paulo
892 1872 947 1924 post
957 1883 1007 1913 mo·

150 1926 220 1978 riens¹
237 1924 361 1981 sepulchro
378 1924 407 1971 ab
423 1942 448 1971 se
464 1928 487 1970 in
504 1924 592 1971 sacello
608 1925 636 1971 D.
652 1924 755 1982 Virginis
770 1931 913 1983 praeparato
929 1925 1009 1973 illatus

150 1985 255 2040 quiescit¹
495 2007 497 2011 >
668 2014 670 2016 v

393 2047 483 2090 Rioerd
492 2045 588 2089 Roerda
598 2047 673 2090 abbas
683 2045 764 2090 XXV.

152 2115 209 2162 Erat
223 2115 311 2162 Joanni
324 2115 419 2162 Roerda
432 2116 506 2161 frater
519 2115 603 2162 viduus
617 2114 712 2161 Rioerd.
727 2114 772 2161 Hic
786 2115 857 2162 ducta
871 2132 945 2162 uxore
959 2115 1010 2162 filia

151 2177 266 2224 Sceltonis
287 2176 442 2235 Lyauckama,
464 2180 540 2234 ipsam
559 2193 606 2223 non
627 2177 709 2223 relicta
729 2176 796 2234 prole
816 2179 908 2223 amittit.
950 2176 1010 2223 Hinc

150 2237 263 2283 coelibem
278 2240 351 2283 vitam
366 2237 462 2293 eligens,
478 2236 603 2283 illiteratus
620 2241 724 2283 attamen
734 2236 828 2283 'ordinis
845 2238 1010 2283 canonicorum

150 2297 293 2353 regularium
309 2299 333 2342 in
351 2296 460 2354 Aenyom
478 2298 609 2342 institutum
627 2296 750 2350 affectans,
769 2298 958 2353 praeposituram
975 2298 1009 2342 in·

153 2356 263 2412 greditur.
283 2355 407 2402 Studiosus
426 2360 539 2412 quantum
558 2357 582 2401 in
601 2357 653 2412 ipso
668 2355 717 2402 fuit
735 2358 846 2409 existens,
866 2357 1010 2401 monasticen

152 2417 280 2475 professus,
291 2417 423 2464 sacerdotio
434 2417 564 2464 decoratur.
576 2416 680 2463 Joannes
691 2417 765 2463 frater
775 2415 838 2463 malo
848 2419 917 2474 genio
927 2417 1010 2463 ductus

152 2479 293 2537 quandoque
302 2478 410 2525 abbatem
418 2478 560 2525 Vilhelmum
569 2477 637 2525 Horti
646 2478 674 2524 D.
683 2478 786 2535 Virginis
795 2478 826 2524 de
833 2480 885 2535 ipso
894 2478 1010 2535 capiendo

152 2540 269 2595 sollicitat.
282 2541 324 2587 sed
335 2541 423 2587 frustra
433 2540 540 2587 omnibus
552 2539 620 2587 Horti
631 2542 749 2587 canonicis
761 2545 784 2586 et
796 2540 924 2587 coenobitis
935 2540 1010 2597 recla-

150 2600 274 2649 mantibus!
285 2601 390 2649 Tandem
402 2602 506 2648 Joannes
517 2607 610 2660 sumpto
621 2601 732 2649 satellitio
744 2607 834 2649 armato
845 2605 923 2660 ipsum
933 2602 1011 2649 Refri-

153 2663 209 2709 dum
223 2662 326 2708 violenta
341 2678 413 2708 manu
427 2679 470 2708 nec
486 2664 536 2708 sine
551 2664 670 2719 sanguinis
686 2662 803 2708 effusione
819 2666 842 2708 et
858 2662 926 2712 clade
942 2664 1010 2709 unius

152 2726 229 2781 ipsum
246 2724 321 2770 induit
339 2724 439 2770 candido
457 2723 682 2781 assumpt0>vhabitu‚
700 2722 747 2770 illis
764 2722 881 2781 relinquit.
915 2722 1011 2771 Summa

150 2785 261 2832 laborans
271 2785 382 2832 Refridus
391 2785 487 2839 invidia,
498 2784 606 2832 omnibus
616 2785 647 2832 ob
656 2785 828 2843 stupiditatem,
838 2784 975 2833 barbariem
984 2791 1009 2832 et

152 2862 231 2892 rerum
240 2848 343 2892 omnium
351 2847 507 2903 ignorantiam
516 2847 619 2891 ostentui
628 2845 672 2892 tuit
682 2851 705 2892 et
714 2844 822 2892 ludibrio.
833 2844 938 2892 Joannes
947 2861 1010 2900 vero.

153 2907 222 2965 pulso
233 2924 275 2965 per
286 2909 333 2954 vim
343 2906 445 2954 Folkero
456 2912 577 2964 arreptum
588 2906 654 2953 illum
665 2908 711 2964 ipsi
723 2905 824 2954 Folkero
836 2906 969 2954 subornatis
981 2924 1012 2954 ex

159 2991 295 2999 -—--—--·-

177 3032 197 3075 a)
226 3031 331 3069 Misschien
345 3032 365 3068 te
377 3031 448 3067 tezen:
467 3030 515 3067 nihil
529 3030 643 3073 quidquam
