2121 3546
548 218 576 261 14

135 342 254 399 suffragiis
268 344 370 388 omnium
383 357 500 386 consensu
514 339 622 396 Jelgerus
636 338 718 385 ordine
732 338 844 384 diaconus
858 337 886 395 a)
894 335 993 394 eligitur.

135 403 203 455 Quae
213 403 303 456 electio,
314 407 387 448 tamet
377 404 408 448 tsi
419 401 489 447 luerit
500 403 599 446 univoca
610 405 633 446 et
644 416 748 452 concors
760 404 865 444 attamen
876 412 994 443 murmure

134 482 181 511 non
195 467 270 510 caruit
284 481 370 570 eorulm
384 466 424 520 qni
438 469 461 509 et
474 468 553 509 aetate
566 468 589 509 et
602 461 722 509 ordinibus
737 463 837 507 maiores
851 460 993 513 viderentur,

135 543 234 583 quorum
245 525 369 581 supercilio
379 524 447 571 huius
458 541 573 582 perquam
582 524 664 571 humili
674 523 790 570 modestia
801 527 837 569 est
848 521 947 568 subrent
937 525 994 567 tum

132 586 189 633 Erat
207 587 244 632 hic
263 586 371 643 Jeigerus
390 589 425 632 vir
443 603 548 632 summae
566 585 706 644 prudentiae
724 600 849 642 rerumque
868 582 995 630 multarum

135 666 165 694 no
166 650 217 694 titia
229 648 313 694 clarus.
327 648 427 694 Abbatis
440 648 550 694 Sibrandi
562 648 701 701 sacellanos
715 646 745 692 ob
758 663 795 692 res
810 645 896 692 arduas
910 661 994 717 procu-

134 709 240 754 randas'
234 726 257 753 ιιι
271 708 394 754 Franciam
407 709 438 754 ad
451 708 561 765 generale
574 709 662 754 ordinis
676 682 916 753 Piaemonstratensis
929 707 993 763 capi-

135 768 209 815 tulum
219 771 309 824 missus,
320 786 363 816 sua
374 769 521 823 dexteritate,
532 768 649 826 probitate
659 774 682 815 et
692 767 823 815 humilitate
833 766 960 814 multorum
970 769 993 812 in

135 846 160 875 se
169 833 284 875 convertit
294 832 390 883 animos,
401 830 462 887 frugi
471 830 557 876 bonam
567 846 633 887 spem
642 833 696 886 post
706 845 732 875 se
742 828 877 886 relinquens
887 826 993 882 omnibus

134 889 256 936 abbatibus
272 892 295 935 in
310 889 413 947 capitulo
428 889 590 936 existentibus.
607 888 741 946 impetratis
756 891 791 943 iis,
807 905 907 946 quorum
922 904 994 934 causa

135 949 225 1006 legatus
235 953 319 997 missus
329 951 412 1005 iuerat.
423 967 449 996 se
458 950 548 996 abbatis
559 949 720 996 Cussiacensis
731 951 739 973 ²
750 948 853 995 Conradi
863 950 960 995 notitiae
970 953 994 995 et

135 1010 290 1056 familiaritati
305 1013 392 1057 inserit.
409 1010 490 1057 Abbas
508 1010 597 1067 Jelgeri
613 1010 722 1057 sodalitio
740 1010 876 1064 delectatus,
894 1010 993 1066 benigne

135 1073 222 1128 excipit
231 1076 255 1117 et
265 1071 365 1117 dimittit.
376 1070 486 1125 Rediens,
497 1087 540 1117 sua
550 1071 666 1128 legatione
677 1070 776 1117 feliciter
787 1070 874 1124 funeta,
885 1080 994 1127 magnam

135 1132 198 1188 apud
208 1148 262 1178 suos
273 1134 372 1187 gratiam
382 1134 538 1188 consequitur.

134 1190 191 1237 Erat
206 1191 316 1248 Jelgerus
330 1192 429 1238 honesta
444 1191 534 1237 lamilia
550 1192 579 1238 de
595 1191 792 1249 telgerahuysum
807 1194 815 1215 ²
830 1195 909 1237 natus:
925 1195 993 1249 pater

132 1250 183 1298 Edo
198 1250 295 1308 Jelgera
310 1252 340 1298 de
355 1251 532 1309 Jelgeraburen,
549 1257 623 1298 mater
638 1268 694 1297 vero
710 1251 813 1306 Baudra,
829 1256 937 1298 matrona
952 1268 993 1298 no·

134 1312 186 1359 bilis
197 1312 224 1371 b)
235 1313 285 1358 lilia
295 1313 414 1368 Vibrandi‚
425 1316 470 1359 viri
479 1315 635 1371 potentissimi
646 1313 675 1359 de
685 1312 892 1370 Kempingaburen
901 1315 915 1367 ³.
927 1329 994 1359 soror

134 1374 239 1421 Dodonis
264 1374 402 1432 Kempinga
428 1377 471 1420 viri
496 1374 526 1420 ob
543 1378 655 1432 pietatem
672 1376 782 1432 vitaeque
799 1374 940 1431 probitatem
957 1377 994 1421 sui

134 1438 246 1492 temporis
260 1438 320 1482 inter
332 1436 435 1493 reliquos
448 1435 539 1482 Frisiae
551 1435 641 1482 nobiles
654 1436 784 1481 clarissimi.
799 1435 844 1481 Hic
857 1435 925 1482 Dodo
938 1453 993 1482 con·

134 1496 238 1543 cionibus
251 1500 324 1543 sacris
336 1500 441 1555 magistri
452 1497 556 1551 Oliverii.
570 1499 676 1544 canonici
688 1496 835 1544 Coloniensis
848 1499 857 1521 4
870 1499 992 1551 excitatus,

134 1574 188 1603 cum
212 1557 308 1615 reliquis
334 1560 501 1614 crucesignatis
527 1574 570 1615 pro
596 1557 758 1614 recuperanda
775 1563 840 1604 terra
858 1562 940 1604 sancta
957 1558 993 1604 bis
1057 1611 1059 1613 ,

134 1621 220 1665 traiicit
234 1636 299 1665 mare
313 1619 513 1665 Mediterraneum
528 1625 551 1665 et
566 1618 695 1677 Syriacum.
711 1618 791 1665 Tertia
805 1622 856 1665 vice
872 1624 993 1677 assumpto

135 1696 214 1725 secum
230 1684 329 1736 cognato
346 1678 465 1736 Tjardone
482 1682 505 1725 in
522 1682 605 1725 itinere
622 1679 722 1726 feliciter
739 1681 847 1734 moriens,
866 1678 993 1726 Tetardum

134 1741 229 1793 remisit,
246 1742 286 1797 qui
301 1740 394 1785 rediens
411 1742 578 1786 monasterium
593 1739 662 1786 Horti
677 1739 706 1786 D.
722 1739 824 1796 Virginis
840 1740 929 1786 ordinis
946 1741 992 1787 dis·

134 1800 235 1857 ciplinae
246 1799 372 1846 subiicitur.
383 1799 451 1846 Dodo
463 1800 521 1847 duos
531 1800 626 1858 reliquit
636 1800 705 1855 tilios.
717 1801 743 1859 c)
752 1800 898 1848 Vibrandum
912 1800 989 1857 [Vibe]

134 1865 157 1906 et
176 1860 328 1917 Kemponem.
348 1859 408 1906 Vibo
426 1862 511 1917 insigni
529 1861 632 1907 candore
650 1860 777 1918 plurimum
796 1861 902 1916 dilectus,
923 1862 994 1908 ducta

133 1938 207 1967 uxore
219 1920 275 1967 Sass
288 1922 317 1967 de
329 1920 437 1968 Helbada
449 1924 456 1946 ⁵
468 1924 518 1968 sine
530 1921 597 1979 prole
608 1924 713 1969 moritur.
725 1922 819 1980 Kempo
829 1922 885 1970 duct
875 1928 900 1969 ta
912 1923 992 1970 fratris

134 1983 240 2037 privigna
258 1980 331 2035 Hack,
349 1998 498 2028 numerosam
514 1981 609 2039 reliquit
627 1981 737 2028 sobolem.
756 1981 846 2029 Horum
864 1983 993 2030 avunculus

134 2041 257 2100 Sydachus
274 2016 354 2100 [Syris]
371 2042 443 2089 abbas
457 2042 677 2100 Clarecampensis⁶
686 2045 769 2089 extitit.
782 2042 992 2102 -Hicielgerus

157 2204 177 2246 a)
202 2204 318 2248 designatur
324 2216 332 2248 ;

156 2254 176 2296 b)
202 2264 239 2297 pue
262 2264 320 2291 soror
343 2255 433 2292 Dorionis
456 2255 566 2298 Kempinga
589 2256 625 2292 viri
643 2257 670 2293 ob
687 2256 785 2300 insignem
803 2257 923 2300 probitatem
940 2258 992 2295 inter

133 2303 220 2347 reliquos
234 2303 306 2341 Frisiae
319 2304 396 2341 nobiles
409 2304 518 2347 clarissimi,
531 2305 574 2342 buis
587 2304 633 2347 (sic)
647 2305 713 2342 Baucir
726 2307 783 2349 pater
798 2306 908 2344 Vibrandus
922 2309 993 2351 poten-

135 2353 220 2389 tissimus
233 2354 258 2390 de
271 2353 443 2396 Kempingaburen
456 2353 523 2390 extitit
530 2365 537 2397 ;

158 2402 177 2444 c)
202 2403 407 2446 οιιι,.’1]ι“1ιιᾶιιι1ιιιιι;

159 2501 269 2546 renisu,
284 2502 320 2538 te‘n
336 2501 370 2538 der
386 2502 426 2538 vier
441 2505 581 2539 voornaamste
596 2502 673 2546 abdijen
688 2513 725 2539 van
742 2503 766 2539 de
782 2503 836 2541 orde.-
851 2504 884 2541 Zie
899 2504 992 2564 Miraeus,

193 2550 240 2587 Ord.
253 2551 328 2587 Praem
341 2550 413 2588 Chron.
426 2552 477 2594 pil

157 2600 168 2636 2
193 2599 234 2637 Ean
244 2600 286 2636 buit
287 2600 371 2637 enbuurt
363 2603 418 2637 tvan
429 2600 482 2638 Oud-
485 2600 616 2638 Leeuwarden
627 2600 675 2644 (vgl
686 2599 777 2644 Register
788 2613 826 2638 van
837 2602 875 2639 den
887 2603 992 2647 Aanbreng

193 2659 210 2684 v.
193 2649 278 2693 v1511,
295 2649 369 2686 Leeuw.
387 2649 394 2684 Ι
410 2661 428 2694 p.
445 2650 471 2694 3),
488 2651 566 2687 evenals
583 2649 731 2693 Jelgerahuren.
748 2650 781 2687 Zie
797 2652 826 2688 W.
843 2651 936 2698 Eekhoff‚
954 2652 992 2689 Ge-

193 2698 278 2734 schiedlr.
293 2698 427 2742 Beschrijving
440 2709 478 2735 van
492 2698 629 2744 Leeuwarden‚
644 2699 775 2737 Leeuwarden
790 2701 841 2745 1846,
856 2702 863 2737 Ι
879 2701 917 2737 183.

158 2746 169 2782 3
195 2745 289 2783 Gedeeite
306 2758 344 2782 van
362 2747 553 2793 Onu-ieeuwamen
570 2747 618 2792 Reg.
636 2758 653 2785 v.
670 2747 688 2785 d.
707 2749 818 2793 nanneng,
836 2759 854 2792 p.
872 2750 883 2785 8
901 2748 992 2794 (Kempe-

194 2794 323 2839 ma—Espel),
337 2795 375 2838 vgl.
389 2795 482 2840 Eekhoff,
496 2796 507 2831 1.
521 2806 536 2832 c.
550 2806 567 2839 p.
583 2796 621 2832 101.
635 2795 680 2832 Niet
693 2807 719 2840 op
733 2796 829 2833 Ameiand
843 2796 912 2840 (Gesta
926 2809 944 2841 p.
959 2799 992 2835 189

193 2846 243 2881 noot
257 2844 282 2888 3).

157 2894 168 2928 4
194 2892 268 2929 Olivier
279 2904 315 2929 van
328 2893 399 2931 keulen
410 2894 474 2931 kwam
486 2894 514 2930 ais
526 2894 673 2938 kruisprediker
684 2895 704 2931 in
716 2894 817 2933 Friesland
829 2898 897 2933 omstr.
911 2897 956 2933 1214
968 2908 992 2934 en

193 2942 212 2977 in
227 2942 277 2978 1223.

157 2990 169 3025 5
194 2989 241 3026 Zate
252 2990 314 3026 onder
325 2990 431 3035 Ternaard,
444 2993 477 3027 ten
489 2990 512 3027 N.
524 3001 562 3028 van
574 2990 672 3029 Doklnrm.

158 3039 169 3079 6
193 3038 317 3086 Klaarkamp
331 3039 377 3078 eist.
390 3038 437 3084 ord,
450 3039 500 3076 Z.W.
512 3050 529 3076 v.
541 3039 639 3078 Dokkum.
