2121 3546
470 293 497 336 15

54 414 126 461 abbas
136 412 268 470 electus,.a)
276 415 378 459 instante
388 413 449 459 testo
458 412 579 459 Paschalis
589 414 761 460 Monasterium
769 411 913 469 Ves'iphalae

55 480 78 521 et
95 472 259 529 Osnabrugum
275 475 398 526 transiens.
416 478 481 519 reeta
497 473 612 530 Myndam
628 476 696 531 petit;
714 473 791 531 pridie
807 472 913 519 Paschae

55 533 165 580 sacerdos
178 537 300 579 consecrat
300 550 335 586 us,
349 533 378 579 ab
391 535 502 590 episcopo
514 532 661 590 Traiectensi
675 534 768 587 Ottone,
783 532 913 592 blucomitis

55 594 168 640 Florentii
195 591 337 664 Hollandiae
364 593 438 639 fratre
464 593 542 648 notho
570 611 653 640 recens
673 593 749 641 electo
724 599 793 640 tat
813 594 915 640 necdum

55 654 225 709 inaugurato

56 714 143 767 literas,
165 713 194 759 ab
215 713 298 759 eodem
318 713 390 759 abbas
411 720 568 760 consecrat.ur
589 714 692 761 Rediens
714 732 757 761 sua
777 718 913 772 praesentia

55 774 171 832 rebusque
187 773 287 821 feliciter
303 775 416 822 coniectis
433 792 548 822 summum
564 777 675 833 gaudium
691 779 743 823 exci
743 781 785 823 tar.
803 776 858 834 Ipso
876 776 914 823 die

55 836 78 882 S.
89 835 104 881 J
105 838 187 881 oannis
197 841 251 882 ante
260 836 355 882 Portam
364 837 470 883 Latinam
479 839 487 860 ²
495 840 597 895 primum
604 838 688 885 baculo
697 837 811 895 pastorali
821 854 914 884 sacrum

55 895 183 950 celebrans.
200 896 243 943 sub
258 899 310 954 ipso
326 913 394 943 sacro
409 897 483 943 multa
498 915 529 944 ex
544 915 601 944 auro
618 904 641 944 et
657 904 754 955 argento
771 916 785 945 a
801 901 914 944 matronis

55 956 206 1003 nobilioribus
239 960 360 1016 utriusque
393 958 489 1014 Frisiae
509 959 604 1005 Oester-
621 965 645 1006 et
662 959 797 1016 Vestergoa
816 960 915 1007 donaria

56 1020 155 1075 recipitr
178 1024 257 1066 tantus
273 1021 376 1066 omnium
390 1025 441 1066 erat
455 1023 478 1066 in
493 1023 556 1067 viros
571 1021 621 1067 Deo
637 1021 728 1067 deditos
744 1022 811 1067 lavor
827 1026 850 1067 et
865 1026 914 1067 stu·

57 1084 126 1130 diurn.

57 1144 141 1190 Incidit
150 1143 203 1190 huic
211 1160 264 1190 cum
273 1142 382 1200 Sydacho
393 1142 473 1200 [Sydsl
484 1142 569 1189 abbate
576 1142 774 1200 Clarecampensi,
782 1143 813 1189 de
818 1143 913 1201 quibus·

57 1205 111 1250 dam
130 1205 223 1260 pascuis
243 1202 388 1259 paludinosis
425 1203 538 1248 simultas.
559 1202 629 1248 Haud
650 1201 718 1259 longe
738 1220 753 1248 a
772 1205 914 1249 monasterio

56 1267 171 1322 virginum
190 1266 214 1309 in
234 1263 414 1321 c)Gernaerd³‚
435 1264 499 1320 quod
518 1269 541 1309 et
561 1263 680 1309 Nazareth
701 1263 827 1318 dicebatur,
849 1268 915 1310 extat

56 1327 85 1383 d)
93 1324 174 1372 villula
188 1324 331 1371 Suanvirth4
344 1325 413 1371 dicta.
428 1323 488 1371 Huic
502 1325 597 1382 adiacet
610 1327 728 1381 possessio
742 1324 833 1371 abbatis
847 1324 915 1371 Horti

54 1387 117 1433 dicta
135 1387 161 1444 e)
178 1387 285 1443 Popevir.
303 1385 390 1432 Villam
408 1388 468 1431 inter
486 1391 557 1443 atque
574 1388 747 1443 possessionem
765 1391 831 1432 extat
849 1386 914 1432 lacus

56 1447 206 1506 ilWidemer
222 1451 230 1471 ⁵
246 1448 328 1501 dictus.
345 1447 435 1493 duabus
451 1448 521 1493 iossis
537 1450 560 1492 in
576 1447 694 1504 publicam
710 1448 798 1493 fossam
813 1446 847 1493 Ee
863 1464 916 1494 sese

56 1525 194 1555 exonerans.
210 1509 284 1555 Lacus
300 1508 418 1566 quondam
433 1510 460 1566 g)
468 1524 530 1566 aqua
545 1507 629 1566 plenus
644 1508 711 1554 nihili
726 1511 869 1563 aestimatus.
885 1509 915 1555 ab

54 1570 241 1617 antecessoribus
257 1569 393 1616 colonorum
410 1569 478 1616 Horti
494 1572 517 1615 in
533 1570 635 1627 Popavir
652 1570 741 1627 absque
757 1569 827 1616 ullius
844 1572 915 1616 inter-

56 1631 184 1689 pellatione
202 1631 382 1688 possidebatur:
409 1634 520 1689 temporis
538 1641 665 1688 progressu
682 1647 797 1688 aquarum
814 1648 914 1686 recessu.

57 1693 171 1739 arundine
180 1698 343 1739 succrescente
352 1693 448 1739 tandem
457 1694 589 1749 gramineus
599 1693 628 1738 lit
637 1697 707 1739 totns.
718 1692 802 1739 Coloni
812 1693 915 1739 Nazare-

54 1756 94 1800 tici
104 1756 128 1800 in
139 1753 272 1808 Suanvirth¹
284 1756 384 1800 avaritia
395 1754 465 1808 ducti,
478 1753 506 1812 l)
517 1759 540 1800 et
551 1755 597 1811 ipsi
608 1754 727 1808 invadunt.
740 1770 915 1811 praeoccupan-

57 1820 99 1870 tes,
113 1818 132 1861 si
144 1832 205 1873 quae
218 1816 247 1861 de
259 1815 387 1872 praedictis
399 1820 440 1861 aut
452 1817 475 1862 vi
487 1820 528 1862 aui
540 1818 689 1873 possessione
702 1817 792 1873 iniusta
804 1818 916 1873 consequi

57 1881 160 1934 possent,
173 1877 208 1922 Re
221 1876 291 1923 altius
304 1876 459 1931 considerata,
473 1882 633 1934 quantumque
646 1877 763 1923 commodi
775 1889 805 1923 ex
818 1876 915 1923 lacubus

57 1941 198 1985 monasterio
212 1938 325 1985 accedere
338 1944 425 1996 posset,
440 1940 511 1984 misso
525 1937 629 1984 Geroldo
644 1938 719 1984 fratre
731 1948 851 1992 converso,
866 1955 915 1984 om-

57 2015 110 2046 nem
128 1999 266 2046 arundinem
284 2016 337 2046 cum
354 2002 402 2047 suis
420 2000 507 2046 demeti
524 1999 683 2057 plaustrisque
700 2001 788 2057 imponi
806 2005 830 2047 et
848 2000 916 2046 avehi

81 2228 101 2269 al
125 2228 169 2270 ipsa
180 2227 236 2263 sanct
237 2235 249 2261 a
228 2225 346 2262 tPascliae
357 2224 439 2267 vigilia;

79 2277 100 2319 b)
125 2286 178 2313 orm:
195 2275 306 2311 comitis—
316 2274 394 2316 notlio

81 2326 100 2368 cl
127 2326 230 2367 (lernam,-

82 2376 103 2417 d)
128 2375 188 2418 villa;

81 2425 101 2467 e)
126 2424 245 2467 Poppavier;
258 2423 278 2459 in
292 2422 381 2465 margine
395 2421 459 2465 biiii:
472 2421 624 2465 Poppingarier.

81 2474 99 2515 t)
130 2473 188 2509 ariri:
206 2471 335 2515 paludinosns
346 2471 406 2508 morio
418 2478 499 2514 campus
511 2472 531 2506 ai
543 2470 656 2514 gramineus
670 2469 772 2506 Vidameer
779 2480 787 2513 ;

79 2523 102 2566 g)
126 2522 230 2565 piscosus;
314 2548 316 2550 .

82 2571 103 2614 li)
129 2571 210 2608 ulterius
224 2570 379 2613 progrediuntur
394 2571 414 2606 et
428 2568 543 2605 arundinem
557 2569 648 2605 resecant
663 2570 683 2605 et
698 2569 805 2605 demetunt.
820 2567 917 2605 Abbatiae

59 2621 116 2657 Horti
131 2620 180 2656 illud
195 2619 310 2662 conspicati,
325 2619 413 2655 excitato
429 2618 515 2654 clamore
531 2618 577 2654 illos
592 2617 704 2662 prohibent.
720 2617 759 2660 lpsi
776 2617 838 2654 nihilo
854 2618 917 2654 secius

58 2671 153 2713 pergunt·
167 2670 193 2706 tit
207 2669 345 2710 conclamatio,
360 2667 479 2704 conveniunt
495 2668 582 2709 abbates,
598 2667 736 2703 examinantur
752 2668 819 2709 testes,
834 2677 866 2703 res
881 2677 916 2710 per

59 2719 144 2756 arbitros
158 2717 297 2760 componitur:
319 2716 453 2753 Nazareiticae
466 2715 530 2752 lacum
544 2715 641 2758 obtinent,
655 2715 737 2758 lelgero
751 2715 794 2759 agri
808 2716 917 2752 redduntur

58 2767 179 2805 monasterio
192 2766 278 2809 proximi
290 2775 334 2802 cnm
347 2766 414 2803 decem
426 2767 519 2801 monetae
531 2765 595 2801 iustae
607 2764 668 2801 libris.

83 2867 91 2902 1
117 2865 152 2901 Dit
161 2866 212 2921 slaat
223 2864 264 2901 niet
274 2875 300 2908 op
311 2864 367 2909 Otto,
378 2862 409 2900 die
420 2861 553 2900 reedsfsedert
565 2849 611 2900 1233
622 2864 672 2899 elect
682 2873 728 2909 was,
740 2873 793 2899 maar
804 2874 831 2907 op
843 2862 916 2906 telger.

82 2916 94 2999 Ξ
118 2913 209 2999 lEthieibht
220 2960 283 2999 onder
294 2960 379 3005 Halium,
391 2963 424 2998 ten
436 2960 459 2997 N.
471 2970 508 2997 van
521 2959 658 2997 Leeuwarden.

82 3014 94 3048 4
119 3010 198 3048 Swaard
210 3011 233 3048 ot
244 3010 330 3055 Zw-aard
344 3009 412 3047 O.Z.O.
425 3020 462 3046 van
475 3008 563 3051 Finkum.
576 3012 610 3046 ten
623 3009 645 3045 N.
658 3019 695 3045 van
709 3008 845 3046 Leeuwarden.

83 3061 94 3097 5
119 3059 241 3146 {illiberim
257 3059 368 3102 voormalig
384 3068 437 3095 meer
452 3059 471 3095 in
488 3057 673 3094 Leeuwarderadeel
689 3057 781 3096 tusschen
797 3057 878 3095 Zwaard
893 3068 918 3095 en
