2121 3546
525 210 539 253 8

103 332 183 385 spreto
192 328 279 375 mundo
289 327 408 375 Christum
418 345 530 386 sponsum
540 333 675 387 sequuntur,
686 328 882 386 quemadmodum
893 327 962 375 docte

103 393 166 435 canit
180 389 289 436 ecclesia:
306 407 418 447 „sponsas
434 391 532 436 decoras
547 390 628 447 gloria,
645 392 784 448 sponsisque
798 389 877 436 reddis
893 406 961 447 prae·

103 448 181 496 mia''².
196 450 264 497 Unde
278 455 302 496 et
315 450 428 497 Dominus
442 451 510 497 huius
525 450 646 497 indefesso
659 451 717 497 fidei
730 450 810 497 calore
824 449 961 505 delectatus¹

103 510 131 568 u)
148 513 224 567 ipsum
241 514 311 557 variis
329 511 454 557 decorasse
472 511 590 558 miraculis
608 512 727 569 proditum
744 516 786 558 est.
806 510 883 558 Cursu
899 514 962 557 vitae

100 570 200 616 feliciter
209 577 268 626 acto,
278 570 442 627 praefecturae
450 587 511 617 anno
520 575 548 617 37
558 571 586 630 b)
594 573 696 618 animam
704 589 719 618 a
727 570 826 618 Domino
835 574 961 627 receptam,

104 630 181 676 soluto
203 632 307 688 corporis
330 630 455 688 ergastulo,
478 631 541 678 laeto
563 631 631 678 vultu
653 630 797 690 laetioreque
819 633 963 677 conscientia

104 690 203 737 Domino
214 708 256 737 suo
266 691 350 745 reddit.
362 708 423 737 anno
434 691 517 738 salutis
530 694 587 739 1230
597 695 650 749 ipsa
659 697 729 738 nocte
740 691 763 738 S.
775 692 862 738 Brictii.
874 693 882 716 ²

394 815 528 860 Sibrandus
541 815 616 859 abbas
629 814 671 859 VI.

105 923 249 970 Coenobitae
260 939 350 969 summo
362 922 444 968 dolore
455 940 485 968 ex
497 922 562 968 obitu
573 924 674 979 piissimi
683 923 757 979 patris
770 921 855 980 Syardi
868 921 961 976 adfecti.

105 986 219 1030 accersito
237 983 265 1029 D.
286 982 378 1041 Syardo
398 982 482 1029 abbate
500 981 650 1037 Lidlumensi.
671 981 699 1028 D.
719 981 815 1029 Tadone
835 981 920 1044 abbate
939 984 963 1028 in

104 1044 225 1101 Dockinga
235 1047 249 1099 ³.
259 1048 367 1091 invocata
378 1043 478 1101 Spiritus
489 1042 570 1090 Sancti
580 1046 661 1101 gratia,
672 1046 798 1091 autoritate
808 1043 836 1089 D.
848 1043 963 1090 Macharii

105 1105 289 1152 Steinveldensis
304 1106 394 1151 abbatis
408 1108 525 1152 communi
538 1106 652 1163 suffragio
666 1104 759 1162 eligitur
773 1104 908 1159 Sibrandus.
923 1108 963 1163 qui

105 1168 134 1214 ab
145 1167 259 1214 electione
270 1185 284 1213 a
294 1167 397 1224 praefati
407 1167 522 1213 Macharii
533 1167 616 1224 legatis
628 1167 762 1224 designatis.
775 1167 802 1213 D.
815 1166 964 1214 Godschalco

105 1234 128 1275 et
145 1228 254 1286 Reynero
272 1229 438 1286 subprioribus,
456 1228 527 1285 pleno
545 1230 597 1285 iure
613 1228 773 1274 confirmatur.
791 1227 894 1285 Contigit
912 1230 964 1286 ipsa

105 1290 189 1335 electio
201 1292 225 1335 in
238 1290 299 1335 festo
313 1289 335 1335 S.
349 1289 434 1335 Luciae
447 1288 549 1346 Virginis
562 1290 577 1335 4.

105 1348 162 1395 Erat
175 1348 304 1395 Sibrandus
318 1365 416 1405 corpore
430 1348 556 1394 admodum
569 1347 708 1405 ponderoso,
723 1350 803 1405 pingui
816 1353 839 1394 et
854 1348 962 1402 distento,

105 1409 169 1465 quod
186 1411 231 1466 ipsi
248 1411 271 1454 in
289 1408 401 1454 obeundis
419 1410 456 1454 sui
472 1407 547 1453 officii
564 1409 648 1454 muniis
666 1424 781 1454 summam
798 1407 964 1454 difficultatem

106 1470 204 1525 peperit,
222 1469 248 1526 c)
265 1467 343 1513 Variis
360 1470 476 1513 intentum
492 1469 601 1523 negociis.
621 1476 718 1524 coegere
737 1466 868 1513 sacellanos
886 1469 964 1524 ipsum

106 1544 226 1632 {ssumere
235 1527 321 1584 plures,
332 1528 378 1584 ipsi
387 1526 451 1573 velut
461 1528 560 1572 vicarios
571 1525 686 1583 plurimae
696 1525 814 1582 religionis
825 1543 964 1584 promoven·

123 1603 151 1632 ae
164 1603 241 1632 curae.

107 1645 181 1692 Huius
209 1662 294 1703 nempe
321 1645 464 1702 temporibus
493 1645 522 1691 de
551 1645 712 1702 jurisdictione
739 1644 905 1699 ecclesiastica,
935 1644 964 1691 de

106 1704 246 1762 quibusdam
283 1721 378 1761 quoque
415 1707 476 1760 agris
516 1721 606 1750 summa
644 1706 764 1750 contentio
802 1704 846 1750 tuit
885 1704 965 1750 abbati

106 1764 194 1818 Emoni
222 1767 297 1821 primo
323 1764 443 1810 fundatori
468 1766 604 1809 monasterii
630 1762 720 1810 Floridi
745 1762 814 1809 Horti
839 1766 863 1809 in
889 1763 965 1809 Vitte·

106 1823 194 1877 Virum‚
227 1840 280 1869 cum
312 1822 440 1869 Herderico
472 1825 607 1880 praeposito
639 1826 714 1880 primo
746 1826 770 1868 in
802 1821 932 1869 Sciltvolda
949 1825 963 1877 ⁶.

90 1885 157 1933 ‚viro
190 1885 285 1940 potenti
317 1883 346 1940 d)
380 1884 490 1939 interque
524 1882 629 1940 reliquos
663 1881 831 1939 Groninganae
867 1882 963 1929 ditionis

106 1942 196 1989 nobiles
223 1942 379 1998 Fivelgoniae.
408 1941 573 1998 Hunesgoniae
601 1943 627 1999 e)
654 1943 812 1999 territoriique
839 1942 965 1988 Dammen·

107 2005 139 2047 sis
155 2003 163 2025 ⁶
178 2004 313 2059 praecipuo.
329 2000 458 2047 Sibrandus
475 2001 547 2047 abbas
563 2003 694 2057 primarius,
711 2000 741 2047 ab
757 2000 846 2047 Emone
861 2001 892 2047 ad
910 2001 964 2047 diri·

107 2061 204 2107 mendas
216 2061 268 2107 lites
279 2065 382 2115 vocatus,
394 2077 423 2107 eo
433 2061 597 2117 proficiscitur.
609 2059 646 2106 Fit
657 2059 811 2117 plurimorum
821 2059 932 2108 abbatum
942 2065 966 2107 et

105 2138 228 2179 procerum
242 2121 460 2175 ecelesiasticorum,
474 2120 592 2174 nobilium.
602 2119 673 2177 legati
681 2123 787 2178 episcopi
794 2120 966 2168 Monasterien·

107 2185 146 2237 sis,
158 2182 277 2240 Gayconis
296 2182 405 2229 avunckli
416 2184 551 2240 praepositi.
564 2182 701 2239 praedivitis
713 2185 736 2228 in
749 2182 898 2237 Fermssum',
911 2199 966 2229 con·

105 2248 189 2290 ventus
202 2243 314 2289 Dammis.
328 2243 433 2301 Uterque
446 2245 579 2297 accersitus.
589 2245 688 2301 quisque
696 2259 787 2289 summa
795 2243 917 2300 diligentia
924 2243 966 2290 ad·

129 2372 149 2413 a)
174 2371 256 2407 murram
268 2369 305 2412 ipsi
317 2368 456 2405 miraculorum
469 2366 553 2409 gloriam
566 2366 688 2403 concessisse
700 2368 821 2404 memoratur
827 2378 836 2412 ,-

131 2421 153 2511 df
175 2419 309 2510 dirbmbiirem,
322 2465 381 2502 variis
393 2466 482 2501 intentus
495 2463 589 2507 negociis,
603 2464 670 2507 plures
683 2463 720 2501 sibi
733 2463 844 2501 sacellanos
858 2464 966 2508 adiungere

108 2518 199 2607 codffflsef
209 2565 275 2606 divite,
288 2564 428 2605 Groninganae
439 2562 520 2599 ditionis
530 2561 632 2604 nobiliori,¹

132 2614 152 2656 e)
177 2616 196 2649 et
208 2613 310 2656 Reydense
322 2611 432 2654 terruerim

131 2686 139 2721 1
165 2684 237 2728 Regels
254 2685 283 2720 uit
299 2694 335 2720 een
351 2682 485 2726 kerkhymnus
501 2683 521 2718 in
538 2681 572 2718 het
589 2682 709 2719 Breviarium
725 2681 841 2727 Romanum,
859 2682 967 2719 Commune

165 2734 274 2778 virginum,
287 2733 317 2769 Ad
331 2732 403 2778 laudes,
416 2731 506 2769 melden
519 2731 649 2774 beginregel:
668 2730 721 2776 lesu,
735 2741 809 2768 corona
821 2731 930 2775 Virginum.

131 2785 143 2821 2
169 2785 190 2820 12
203 2783 319 2820 November.

132 2832 143 2868 3
168 2831 265 2869 Dokkum.

132 2882 143 2917 4
169 2881 191 2917 13
201 2879 315 2917 December.
352 2911 357 2921 ,

132 2930 143 2966 5
168 2929 304 2974 Schildwolde‚
319 2928 411 2965 tussclren
426 2926 546 2972 Sappemeer
561 2938 585 2964 en
600 2926 684 2971 Delfziil.

132 2980 144 3016 6
168 2977 311 3022 Appingedam.

131 3027 143 3063 7
167 3027 306 3071 Farmsumbij
318 3026 402 3070 Delfzijl.
426 3054 427 3058 .
