2121 3546
578 256 608 301 90

163 383 254 426 Augusto
270 383 354 420 Caesare
369 381 412 426 fuit,
427 383 449 417 ut
463 381 483 417 in
498 379 594 424 Hoppero
610 379 699 416 diximus.
716 379 724 399 ¹
740 380 816 417 Deinde
823 391 870 418 vero
878 379 1022 421 cumbistoriae

161 433 246 476 nomine,
254 433 338 475 quamin
346 432 431 474 gratiam
442 431 518 474 patriae
532 429 674 467 meditabamur
687 439 756 466 omnes
770 429 843 466 amicos
856 428 986 471 fatigaremus
999 429 1022 464 ut

164 481 221 519 nobis
234 480 372 523 antiquitatum
385 482 513 517 monumenta
525 478 681 523 suppeditarent,
695 477 746 514 datis
760 477 821 514 literis
835 478 855 513 et
867 477 931 519 ipsum
945 486 1023 519 quoque

164 529 237 568 hortati
255 540 327 575 sumus,
344 533 366 566 ut
381 529 516 572 undecumque
532 531 606 572 posset,
623 528 750 571 antiquitates
767 528 843 571 patriae
859 528 976 569 corrogaret
992 536 1015 563 ac

163 580 220 617 nobis
236 579 385 623 transmitteret,
401 588 483 621 quarum
499 576 661 620 acquirendarum
676 576 709 612 ille
724 578 746 612 ut
761 577 777 612 si
793 576 836 618 quis
853 575 901 611 alius
918 575 1023 612 maximam

162 629 323 666 commoditatem
335 628 427 671 habebat,
440 639 485 667 cum
502 628 528 664 ob
545 629 654 664 conventus
670 626 721 664 duos
737 624 881 674 Lidlumensem
897 628 918 661 et
934 624 1020 661 Marien-

162 677 291 720 gaerdensem
302 677 332 713 sui
344 675 424 721 ordinis,
435 677 455 713 in
468 687 507 719 quo
518 679 603 720 utroque
615 677 696 713 abbates
708 678 729 712 et
741 676 829 719 religiosi
842 676 953 718 complures
965 675 1022 711 valde

162 727 267 769 diligentes
279 729 299 762 et
311 726 402 763 industrii
414 727 512 771 vixerunt,
525 729 567 763 tum
580 727 639 763 etiam
652 728 734 769 propter
748 726 910 763 consuetudinem
922 725 1020 762 nobilissi-

162 785 205 812 mae
218 775 305 812 familiae
318 774 477 819 Hemmemanae‚
492 785 542 818 quae
556 774 664 812 Bellocomi
678 776 714 819 est,
728 774 761 810 ubi
775 772 882 810 Sibrandus
897 776 939 810 turn
953 776 1022 817 pastor

162 828 210 861 erat.
225 824 274 862 Nam
288 835 332 862 cum
345 826 388 869 ipse
400 825 535 862 nobilissimus
549 825 719 868 amplissimusque
733 825 762 860 vir
777 834 799 860 ac
813 824 909 867 dominns,
925 826 945 860 et
959 823 1016 860 nobis

161 874 207 911 dum
218 876 267 911 vixit
279 876 384 919 singularis
397 878 498 920 patronus,
518 874 593 913 Hector
609 875 633 911 ab
649 874 764 911 Hemmema
781 873 837 910 huius
853 874 940 910 familiae
956 875 1018 918 pater,

164 923 215 958 haud
229 924 287 959 facile
301 925 345 960 tota
359 923 420 961 Frisia
435 934 502 966 parem
516 925 535 960 in
551 926 690 967 antiquitatum
705 925 820 967 cognitione
834 923 923 966 haberet;
939 926 1024 966 quatuor

163 971 222 1007 etiam
240 971 294 1008 filios
312 971 380 1008 habuit
397 971 505 1017 Duconem,
524 971 607 1017 Sixtum,
625 972 749 1010 Dominicum
768 974 788 1008 et
806 971 900 1012 Renicum
917 972 1022 1015 insigniter

163 1029 229 1056 earum
240 1018 346 1064 studiosos,
358 1023 417 1062 atque
428 1021 487 1057 etiam
498 1021 535 1057 mei
547 1021 697 1058 amantissimos.
709 1020 738 1057 Ac
749 1020 848 1063 praestitit
859 1020 938 1063 quidem
948 1030 970 1056 se
981 1023 1023 1056 tum

161 1068 268 1107 Sibrandus
277 1071 297 1106 in
306 1069 344 1107 hoc
354 1070 436 1113 negotio
446 1069 562 1113 diligentem
572 1081 594 1107 ac
603 1073 705 1107 strenuum
715 1073 735 1108 et
745 1071 827 1113 collegit
836 1070 912 1113 sylvam
923 1070 1021 1114 quandam

163 1129 227 1155 rerum
239 1123 340 1162 gestarum
351 1130 474 1162 nequaquam
486 1120 657 1165 contemnendam,
669 1130 727 1164 quam
740 1123 760 1156 et
771 1130 792 1156 se
804 1119 851 1157 mibi
863 1120 1023 1157 transmissurum

162 1179 205 1206 esse
216 1169 329 1215 Lovanium,
342 1169 403 1206 literis
414 1169 529 1208 Bellocomo
541 1170 592 1209 datis
603 1171 626 1207 28
638 1169 685 1208 lulii
696 1180 748 1207 anno
761 1169 805 1206 1571
818 1169 932 1214 spopondit.
944 1168 1023 1206 Eiectus

163 1222 228 1256 autem
239 1220 259 1255 in
270 1220 350 1256 exilium
361 1229 427 1256 secum
438 1221 502 1263 patria
513 1231 557 1257 eam
568 1221 645 1266 extulit,
656 1224 677 1257 et
688 1220 796 1257 reverendo
807 1220 888 1258 domino
900 1218 1022 1256 Theoderico

162 1268 307 1304 Cousmariensi
329 1269 444 1311 praeposito
467 1268 552 1305 moriens
574 1268 725 1313 commendavit,
740 1271 763 1305 ut
778 1269 794 1305 is
810 1268 901 1312 proxima
917 1267 1022 1305 occasione

162 1317 266 1355 Coloniam
278 1317 303 1353 ad
315 1327 346 1354 me
358 1319 507 1356 transmitteret.
520 1317 580 1361 Quod
592 1318 706 1356 mandatum
719 1320 760 1356 eius
773 1319 843 1361 exequi
856 1319 908 1354 inter
920 1317 1021 1366 praeposi·

161 1370 203 1403 tum
220 1370 241 1404 et
258 1377 289 1404 me
306 1367 400 1410 dignatus
417 1370 448 1404 est
465 1368 597 1411 amplissimus
614 1369 643 1405 vir
661 1378 684 1405 ac
701 1367 819 1405 reverendus
838 1367 928 1406 dominus
947 1367 1022 1405 Gellius

163 1416 247 1455 llstanus
259 1417 403 1462 Joannitarum
415 1419 433 1454 in
446 1417 545 1462 Hospitali
557 1428 620 1462 prope
632 1418 714 1455 Snecam
726 1418 875 1455 commendator
887 1420 907 1454 et
919 1418 957 1454 iarn
970 1428 1022 1455 com-

162 1468 262 1504 missarius
275 1468 296 1504 in
309 1467 390 1512 Baffelt,
404 1467 428 1504 de
443 1477 482 1511 quo
495 1468 547 1504 infra
562 1468 625 1513 latius,
640 1469 672 1511 qui
685 1468 761 1511 sylvam
775 1468 833 1505 istam
848 1466 938 1504 Sibrandi
953 1466 977 1504 ad
991 1477 1023 1504 me

162 1519 271 1555 transmisit
283 1518 372 1555 lloctob.
386 1527 438 1555 anno
452 1518 502 1554 1584.
516 1517 572 1561 Quae
585 1528 678 1561 magnum
692 1518 825 1555 adiumentum
838 1518 905 1555 attulit
918 1518 1021 1555 conatibus

162 1568 236 1605 nostris
252 1568 337 1604 maxime
353 1568 373 1603 in
389 1567 498 1610 originibus
514 1567 633 1605 familiarum
650 1570 670 1604 et
686 1568 812 1605 ecclesiarum
835 1570 855 1605 et
871 1564 972 1605 eiulatum
989 1566 1022 1603 ad-

162 1616 260 1661 notandis,
273 1627 311 1660 qua
323 1619 343 1653 et
354 1627 376 1654 se
387 1618 407 1653 in
420 1618 521 1654 civitatum
533 1617 667 1662 descriptione
679 1628 801 1661 magnopere
814 1617 902 1655 adiutum
915 1628 958 1655 esse
970 1617 1023 1655 idem

162 1667 311 1704 commendator
324 1666 348 1703 ad
360 1677 391 1704 me
403 1667 454 1704 datis
467 1667 528 1703 literis
541 1668 655 1711 profitetur.

161 1714 245 1760 Scripsit
256 1716 287 1754 hic
299 1715 405 1754 Sibrandus
417 1717 477 1754 etiam
489 1718 551 1763 plura,
563 1727 614 1760 quae
625 1718 674 1755 olim
685 1719 704 1755 in
716 1717 858 1755 Meinaldemio
870 1717 917 1755 mibi
929 1717 1023 1762 ostendit,

161 1765 196 1802 sed
214 1777 239 1802 an
257 1769 336 1810 praeter
353 1766 448 1803 Tabulam
466 1767 525 1804 istam
543 1767 698 1811 geographicam
717 1767 790 1811 aliquid
808 1768 828 1805 in
848 1768 911 1805 lucem
930 1767 1022 1809 emiserit,

163 1816 254 1860 equidem
266 1816 354 1853 nondum
366 1817 458 1860 comperi.
471 1815 478 1835 ²

269 1911 312 1956 IV.
339 1911 417 1956 Koite
429 1912 640 1964 Abtenkatalogus
652 1926 702 1957 van
713 1913 888 1964 Maritngaara
900 1914 915 1957 ³.

160 2018 356 2061 Fredericusprimus
364 2019 424 2055 abbas
432 2019 476 2056 Orti
483 2019 561 2055 Mariea.
576 2019 634 2057 Anno
648 2019 745 2057 dominice
758 2020 900 2058 incarnationis
915 2020 961 2056 1163
974 2030 1021 2057 con-

162 2070 232 2105 ventus
241 2067 285 2104 Orti
294 2067 357 2103 Marie
366 2067 460 2103 fundatus
470 2070 501 2104 est
510 2077 521 2102 a
530 2068 637 2103 venerabili
646 2067 689 2105 viro
699 2068 805 2105 etdomino
812 2068 923 2111 Frederico,
936 2069 968 2110 pie
981 2078 1020 2104 me-

161 2116 223 2153 morie
233 2115 337 2153 sacerdote
347 2115 371 2151 de
381 2114 459 2151 Hallem
469 2114 554 2153 oriundo
565 2125 587 2151 ac
597 2115 669 2152 ibidem
680 2118 761 2159 pastore
771 2116 899 2160 benemerito,
911 2116 943 2158 qui
954 2116 1021 2152 seculo

161 2163 278 2201 renuncians
288 2162 376 2200 habitum
387 2162 462 2200 ordinis
472 2163 661 2201 Premonstratensis
672 2164 759 2207 suscepit
770 2163 869 2206 abbasque
880 2163 966 2202 effectus
977 2173 1021 2206 pre-

160 2212 214 2249 dicto
228 2211 334 2249 conventui
349 2213 371 2248 14
385 2212 440 2247 annis
455 2211 534 2256 prefuit,
549 2212 582 2254 qui
596 2211 676 2248 tandem
691 2212 774 2249 moritur
789 2221 811 2248 ac
825 2212 845 2248 in
861 2211 937 2254 capella
951 2210 1023 2248 Sancte

160 2262 229 2307 Marie,
241 2272 299 2305 quam
311 2263 353 2306 ipse
365 2264 487 2306 extruxerat,
498 2262 527 2298 uti
538 2271 590 2298 nunc
602 2262 693 2307 cernitur,
705 2262 800 2306 sepelitur
813 2272 865 2300 anno
877 2261 957 2299 Domini
970 2261 1021 2306 1175,

160 2311 178 2348 V
190 2320 253 2348 nonas
267 2309 341 2347 Marcii.
355 2309 423 2353 Qualis
437 2320 459 2347 ac
472 2312 557 2353 quantus
570 2309 601 2346 bic
613 2310 675 2346 fuerit
688 2309 762 2353 liquido
775 2312 831 2354 patet
844 2310 864 2346 in
878 2310 928 2347 libro
942 2310 966 2346 de
980 2310 1021 2346 eins

160 2359 201 2396 vita
213 2369 235 2396 ac
247 2359 398 2397 conversatione
410 2359 529 2402 conscripto.

161 2407 250 2451 Entetus,
260 2407 320 2444 abbas
329 2406 386 2444 huius
396 2407 433 2443 loci
444 2406 466 2451 11,
476 2406 551 2450 prefuit
560 2406 616 2442 annis
626 2407 642 2443 8.
652 2405 689 2443 ilic
699 2405 800 2443 edificavit
809 2406 871 2443 maius
882 2406 1023 2444 monasterium

161 2467 213 2494 anno
226 2457 306 2494 Domini
320 2458 371 2493 1180.
385 2457 441 2493 Obiit
454 2456 534 2493 tandem
548 2467 601 2494 anno
614 2456 694 2494 Domini
709 2457 760 2500 1184,
775 2456 800 2492 111
816 2466 879 2494 nonas
893 2456 1020 2500 Septembris.

160 2505 293 2549 Herbrandus,
304 2505 364 2541 abbas
374 2504 430 2542 huius
440 2504 478 2542 loci
489 2503 520 2549 Ill,
530 2504 605 2548 prefuit
615 2505 714 2542 mensibus
724 2504 740 2541 8.
752 2504 807 2541 Obiit
817 2514 870 2542 anno
880 2503 959 2543 Domini
972 2503 1023 2549 1185,

161 2556 187 2593 lV
198 2565 261 2593 nonas
273 2554 400 2598 Septembris.

161 2603 267 2648 Jotrannes,
280 2603 340 2640 abbas
352 2603 409 2641 huius
422 2602 459 2641 loci
472 2602 503 2648 IV,
516 2602 590 2646 prefuit
603 2603 659 2639 annis
671 2603 687 2639 8.
700 2600 740 2639 Sub
753 2612 792 2646 quo
804 2602 866 2646 maius
879 2602 1021 2640 monasterium

161 2655 287 2690 consecratus
298 2655 334 2689 est.
346 2651 401 2688 Obiit
412 2654 478 2688 autem
489 2661 541 2688 anno
552 2650 632 2688 Domini
645 2651 696 2695 1194,
708 2650 742 2687 Xll
754 2651 852 2689 Kalendas
864 2650 916 2689 Julii.

161 2699 246 2745 Siardus,
262 2700 322 2738 abbas
337 2699 393 2736 huius
415 2700 453 2736 loci
467 2699 490 2744 V,
505 2699 580 2743 prefuit
596 2699 651 2736 annis
666 2699 690 2736 36
705 2701 726 2736 et
740 2699 790 2736 obiit
805 2709 858 2737 anno
873 2698 953 2737 Domini
970 2699 1020 2743 1230,

164 2760 308 2768 -μ

185 2786 193 2821 1
219 2784 267 2820 Hier
279 2785 317 2827 ziin
330 2782 365 2823 4²lr
379 2784 433 2826 regel
447 2782 588 2826 doorgelraald.

184 2833 195 2869 2
220 2831 371 2875 Bijgeschreven
387 2833 428 2867 met
444 2841 480 2867 een
497 2829 570 2866 andere
586 2829 646 2867 hand:
662 2829 769 2866 Praeterea
786 2839 836 2873 quae
853 2831 916 2874 prima
933 2830 1020 2867 editione

220 2880 422 2922 commemoravimus,
435 2879 514 2921 scripsit
528 2879 578 2914 vitas
592 2876 691 2914 Abbatum
704 2878 723 2913 in
738 2877 890 2921 Mariengaarde
904 2880 924 2914 et
938 2877 1019 2921 Lidlom‚

219 2931 241 2965 ut
253 2938 277 2963 ex
290 2927 351 2963 literis
363 2926 400 2963 filii
413 2926 453 2962 eius
466 2924 549 2963 ioannis
562 2924 652 2961 Sibrandi
664 2924 762 2963 discimus.
847 2969 849 2973 y

183 2976 195 3012 3
220 2975 241 3011 ln
255 2974 288 3011 Hs.
303 2974 382 3010 Brussel
397 2973 433 3010 No.
447 2973 547 3016 6717-21,
562 2971 684 3017 perkament,
698 2972 733 3009 fol.
748 2972 849 3009 71v—74v.
946 3001 948 3003 .

183 3025 195 3060 4
219 3022 251 3066 Op
262 3022 300 3060 den
311 3021 360 3058 rand
371 3022 409 3064 zijn
420 3031 446 3064 op
458 3019 506 3057 deze
517 3021 572 3064 wiize
583 3019 607 3056 de
618 3029 676 3057 naam
688 3030 712 3056 en
723 3019 757 3057 het
769 3020 906 3063 volgnummer
918 3031 955 3057 van
967 3020 1019 3057 iede-

220 3081 254 3109 ren
267 3071 301 3107 abt
313 3069 466 3113 bugesclneven.
