2121 3546
443 240 485 295 33ι

35 361 119 409 abbate
135 365 203 419 patre
220 360 248 407 D.
267 360 360 408 Joanne
376 364 493 408 communi
510 361 624 419 suffragio
642 378 672 407 ex
690 363 738 408 suis
756 361 844 420 eligunt
862 360 890 407 D.

33 422 187 480 Tziallingum
196 421 280 480 ‘magni
296 424 377 480 judicii
392 425 467 470 virum
482 423 554 470 nobili
570 423 659 470 familia
676 424 703 482 a)
719 422 821 481 Juvinga
836 440 890 480 pro·

32 489 143 532 creatum.
154 483 199 530 Hic
208 501 252 542 pro
262 487 310 532 suis
320 485 407 532 viribus
418 485 447 531 ab
458 484 543 534 abbate
554 485 622 532 Horti
633 485 785 532 confirmatus
797 489 821 532 at
832 501 890 531 nun·

32 551 274 609 quamvconsecratus.
289 552 424 605 sumptuum
438 547 518 595 torsau
534 547 717 605 magnitudinem
731 550 826 601 veritus.
842 563 890 593 mo·

32 610 129 655 nasterii
142 610 286 655 incrementa
299 614 413 667 quantum
426 611 515 666 inipso
529 609 579 665 tuit,
594 609 699 656 adauxit.
714 608 785 656 Senio
799 608 890 656 morbo·

33 687 79 728 que
95 670 222 724 conlectus
240 687 302 717 anno
319 671 348 717 ab
365 674 459 728 incepto
476 688 572 718 munere
589 674 688 729 septimo
705 676 790 718 vocato
806 670 891 717 abbate

34 730 102 777 Horti
110 730 138 776 D.
148 729 246 788 Syardo.
256 731 361 778 collectis
370 733 394 777 in
404 731 463 778 aede
472 731 596 790 capitulari
605 732 711 779 omnibus
721 731 892 779 absolutionem

35 795 145 849 impetrat
157 809 161 844 ;
182 792 254 849 paulo
267 799 320 850 post
333 795 434 840 moriens
447 796 471 839 in
484 793 564 840 Veteri
576 793 646 840 Valle
659 793 778 851 sepelitur.
792 794 819 853 b)

316 921 339 971 o)
350 919 464 970 Meynsso
476 920 550 964 abbas
560 919 607 963 111.

34 1043 61 1088 D.
70 1043 87 1089 d
87 1041 223 1100 )szalingo
232 1042 381 1099 praefectura
391 1041 474 1095 soluto.
485 1041 576 1088 accedit
586 1041 692 1088 dominus
703 1041 775 1088 abbas
785 1040 890 1100 Syardus

34 1103 102 1149 Horti
111 1103 209 1149 Mariae.
220 1101 330 1149 Collectis
339 1105 362 1148 in
371 1101 462 1148 Lidlom
471 1101 582 1148 tratribus
591 1103 700 1148 invocata
709 1100 809 1159 Spiritus
819 1100 891 1147 Sanc·

34 1166 52 1209 ti
67 1166 142 1220 gratia
157 1162 324 1220 Meynssonem
340 1162 408 1209 Horti
423 1162 539 1219 praedicti
553 1164 691 1208 canonicum
706 1162 800 1219 eligunt.
817 1164 893 1208 virum

34 1225 180 1279 industrium,
191 1226 272 1282 reique
283 1223 483 1271 administrandae
493 1224 609 1271 idoneum.
622 1222 666 1269 Hic
678 1223 776 1269 Jelmari
794 1225 893 1280 vestigia

35 1292 128 1333 secutus
154 1291 222 1332 sexto
248 1286 367 1343 dignitatis
386 1302 448 1332 anno
466 1302 510 1332 nec
528 1288 580 1347 ipse
598 1290 755 1339 consecratus,
774 1287 892 1342 resignato

35 1365 130 1395 munere
139 1350 306 1395 monasterium
316 1348 344 1395 D.
355 1346 456 1404 Virginis
467 1349 588 1411 proprium
598 1349 683 1404 repetit
693 1347 726 1405 e).

337 1470 445 1521 Syardus
458 1470 533 1514 abbas
546 1470 589 1514 lv.

36 1591 182 1638 Venerabilis
195 1591 223 1638 D.
237 1591 342 1649 Syardus
355 1591 424 1638 Horti
436 1591 464 1637 D.
477 1591 579 1648 Virginis
592 1590 664 1637 abbas
677 1590 785 1638 absoluto
798 1590 894 1648 Meyns-

36 1670 93 1699 sone
105 1654 135 1699 de
146 1670 207 1699 novo
219 1653 381 1700 substituendo
394 1653 520 1700 admodum
533 1652 646 1700 sollicitus
659 1652 750 1699 Lidlom
763 1652 892 1711 proiectus;

36 1731 62 1760 re
78 1714 208 1760 deliberata
224 1713 363 1760 electionem
379 1713 507 1760 decernunt
523 1730 614 1760 novam.
648 1712 776 1771 Implorata
793 1714 893 1759 numinis

36 1774 144 1820 coelestis
157 1776 232 1830 gratia
243 1790 290 1820 uno
302 1791 343 1820 ore
355 1791 386 1820 ex
397 1776 494 1831 proprio
505 1774 615 1820 sodalitio
627 1772 716 1830 eligunt
728 1773 756 1820 D.
770 1772 893 1832 Syardum.

38 1852 107 1893 quem
121 1835 229 1882 abbatem
242 1837 368 1882 nominant.
383 1834 427 1881 Hic
441 1835 470 1881 ab
484 1834 577 1897 Syardo
590 1840 658 1892 patre
672 1834 756 1881 abbate
769 1834 894 1882 confirma·

36 1903 81 1951 tus¹
92 1898 211 1954 protectus
221 1896 357 1955 Traiectum
367 1899 455 1955 primus
465 1896 549 1943 baculo
560 1896 674 1955 pastorali
684 1914 727 1954 per
738 1898 893 1944 consecratio·

36 1975 90 2003 nem
101 1960 260 2013 inauguratus,
272 1974 346 2004 annos
357 1959 439 2014 viginti
449 1962 502 2004 octo
514 1957 614 2004 ieliciter
626 1962 727 2014 praeest.

37 2016 94 2063 Erat
121 2016 226 2074 Syardus
253 2016 282 2063 ab
310 2019 404 2063 ineunte
431 2021 509 2063 aetate
536 2018 619 2074 pietati
646 2016 766 2074 literisque
794 2016 894 2063 deditus.

38 2076 65 2122 In
92 2076 114 2134 t)
140 2076 239 2122 Deinom
266 2078 274 2099 ²
300 2076 373 2123 nobili
400 2075 489 2122 familia
516 2077 543 2135 g)
570 2075 690 2123 Sierdsma
716 2081 792 2131 natus.
820 2075 894 2122 eccle·

38 2138 87 2181 siae
112 2136 140 2194 h)
166 2134 189 2181 S.
216 2134 284 2181 Saxti
309 2138 333 2181 in
359 2135 478 2182 Sesbirom
504 2138 511 2160 ²
538 2141 625 2193 pastor.
653 2135 741 2181 ordinis
768 2136 895 2182 Praemon·

38 2197 161 2241 stratensis
192 2195 213 2252 i)
244 2194 368 2241 dulcedine
399 2194 429 2241 ob
460 2197 523 2241 vitae
554 2197 666 2252 pietatem
697 2197 720 2240 in
752 2194 895 2242 Lidlomanis

38 2256 178 2300 eminentem
219 2259 308 2311 captus.
351 2253 455 2300 habitum
497 2257 567 2301 sumit
608 2257 768 2300 monasticum.
812 2253 896 2302 Ordini

38 2313 158 2371 subiectus
188 2313 288 2371 profecit
318 2313 450 2371 plurimum.
481 2313 544 2360 unde
574 2315 620 2372 ipsi
650 2313 681 2360 ad
711 2313 816 2361 oblatam
846 2313 895 2371 dig-

109 2593 162 2619 anno
172 2581 269 2624 redempti
278 2581 333 2618 orbis
344 2581 397 2623 1199:
441 2593 446 2628 j

107 2630 200 2672 Meynso;
241 2637 243 2639 ’

110 2678 208 2720 inungo·

75 2727 82 2769 l
107 2726 181 2764 Salutis
194 2726 248 2768 1204,-

62 2776 80 2815 tl
111 2775 210 2818 Dettnom;

63 2824 86 2867 g)
110 2823 230 2866 Sierdsma,-

63 2872 85 2914 ἡ)
110 2870 273 2912 semiramem,-
683 2888 685 2890 -

63 2921 79 2962 i)
109 2919 215 2956 sanctitate
227 2920 293 2955 motus
305 2917 429 2954 Lidlomense
440 2917 581 2953 monasterium
593 2915 709 2959 ingreditur.

66 3020 73 3055 1
99 3018 189 3061 Deinum,
201 3020 234 3053 ten
246 3016 275 3053 W.
288 3027 325 3053 van
338 3015 474 3053 Leeuwarden.

64 3068 75 3105 2
100 3066 221 3110 Sexhierum,
235 3064 289 3102 N.W.
301 3075 340 3102 ¹van
355 3063 459 3102 Franeker.
