2121 3546
486 277 516 324 55

46 420 47 423 ¹
71 398 187 457 Campum
204 397 385 456 [Oldecloester]
403 400 518 447 accedens
532 400 636 448 habitum
650 403 720 447 sumit
735 397 932 453 Cisterciensem;

71 479 97 509 re
110 461 201 518 longius
215 461 346 508 deliberata
358 461 446 508 relictis
460 464 488 508 iis
503 463 633 509 secularem
646 462 735 509 cultum
748 465 840 520 repetit.
855 461 933 508 Lidlo-

72 540 177 571 mensem
185 523 293 570 abbatem
302 524 332 570 'de
342 524 479 570 exercendis
489 523 611 571 literarum
619 524 702 570 studiis
712 523 830 571 sollicitat.
840 524 901 570 Loco
909 525 933 569 in

71 582 155 631 schola
167 586 307 630 novitiorum
321 586 447 646 impetrato
463 584 563 630 assiduis
580 584 697 631 laboribus
713 587 832 641 ingentem
848 584 934 630 doctri-

71 662 127 691 nam
145 647 311 703 consequitur;
330 645 428 691 ordinis
447 645 559 702 religione
579 648 680 703 penitius
700 649 813 703 inspecta.
834 645 934 692 eandem

72 711 165 763 sumpta
177 706 270 753 cuculla
281 706 383 753 candida
394 709 484 764 recipit,
497 707 561 753 Ante
573 713 695 765 acceptam
706 708 843 765 religionem
856 723 933 753 sacer·

72 769 130 815 dotii
145 768 403 824 gradum'consecutus.
420 768 534 815 ecclesiae
549 772 573 815 in
589 770 680 815 Boxum
691 770 840 827 praeficitur.
857 768 934 816 Verae

72 832 166 888 pietatis
186 829 331 887 apostolicae
351 832 449 887 vestigia
469 832 601 888 insequens,
622 830 777 877 Lidlomensis
798 832 934 877 monasterii

72 890 164 938 cultura
175 896 198 937 et
209 893 343 948 integritate
354 891 460 946 allectus¹
472 892 555 938 relicta
566 892 666 938 ecclesia
678 895 701 938 in
713 893 805 939 Boxum
816 897 934 939 monaste·

72 956 132 999 rium
154 952 290 1009 ingreditur.
314 953 412 1000 Indutus
428 954 517 1000 ordinis
533 954 626 1001 cultura
640 954 747 1000 omnibus
763 971 789 1001 se
804 953 933 1008 affabilem,

72 1014 204 1061 modestum
220 1020 243 1060 et
258 1015 369 1061 humilem
384 1015 488 1072 praebet,
505 1021 642 1075 tantamque
658 1019 758 1073 gratiam
774 1017 874 1074 adeptus
891 1021 933 1070 est,

72 1081 98 1122 ut
107 1075 222 1122 ecclesiae
231 1077 400 1140 praeficeretur
410 1076 587 1132 Berllromanae¹
598 1080 641 1131 cui.
654 1080 703 1135 jam
712 1094 794 1124 recens
805 1082 933 1131 extructae.

72 1140 155 1184 turrim
166 1147 265 1194 magnae
276 1138 437 1184 crassitudinis
449 1156 480 1184 ex
491 1141 548 1196 ipsis
560 1139 719 1186 fundamentis
731 1142 823 1196 erigens
835 1139 934 1186 addidit,

73 1199 126 1254 Suis
137 1199 216 1245 studio
225 1205 248 1245 et
259 1202 403 1256 parcimonia
413 1203 555 1257 comparatis
566 1202 671 1258 pecuniis
683 1206 787 1247 castrum
797 1201 915 1257 Amkinpa
926 1202 934 1223 ¹

73 1277 126 1306 cum
136 1260 226 1318 aliquot
237 1263 349 1318 proximis
362 1263 423 1318 agris
435 1267 540 1319 emptum
551 1262 630 1308 abbati
641 1267 665 1308 et
676 1265 818 1308 monasterio
830 1262 934 1309 tradidit,

73 1323 100 1380 a)
111 1321 291 1368 Meridionalem
302 1323 397 1369 domum
408 1322 509 1369 ambitus
528 1324 635 1370 coenobii
645 1328 803 1370 restauratam
814 1342 844 1370 ex
856 1327 934 1370 incen-

76 1387 115 1434 dio
126 1389 248 1445 superiori,
260 1403 321 1433 novo
332 1391 394 1433 tecto
406 1388 498 1432 ornavit
510 1385 611 1442 lapideo.

74 1449 177 1506 Contigit
195 1451 268 1506 ipsius
286 1454 393 1506 tempore
411 1447 438 1506 b)
456 1448 631 1505 praefecturam
649 1447 738 1493 Vineae
757 1448 850 1494 Domini
868 1464 899 1505 op
919 1446 935 1494 't

74 1510 149 1557 Sandt
164 1510 243 1556 orbari
258 1527 300 1556 suo
315 1511 457 1567 praeposito.
475 1508 588 1555 Canonici
602 1510 629 1566 c)
644 1512 761 1556 communi
776 1514 831 1555 voto
848 1509 936 1566 eligunt

73 1572 191 1631 quendam
213 1571 495 1625 Joannem‚'monasterii
516 1570 671 1617 Lidlomensis
694 1570 798 1625 fratrem,
822 1571 936 1617 ecclesiae

74 1633 275 1680 Menaldomensis
286 1638 412 1691 pastorem.
424 1631 469 1677 Hic
480 1632 599 1689 praesidio
611 1635 698 1678 sororis
710 1633 832 1679 commode
843 1632 936 1679 vivebat

75 1713 105 1741 ex
122 1712 219 1741 munere
236 1697 366 1752 pastoritio,
385 1693 536 1751 quamobrem
554 1693 623 1740 huius
642 1693 779 1740 felicitatem
798 1695 936 1751 praeferens

75 1756 188 1811 dignitati,
202 1757 380 1812 praepositurae
393 1753 531 1800 electionem
543 1756 616 1799 invito
629 1753 714 1799 abbate
726 1756 803 1811 rejicit
812 1752 839 1800 ‘et
852 1770 936 1812 perne-

74 1821 114 1874 gat
127 1833 152 1862 se
166 1815 387 1873 obtemperaturum.
401 1814 482 1861 Abbas
497 1815 526 1861 ab
540 1817 651 1872 episcopo
665 1817 812 1873 caeterisque
826 1816 936 1873 trequen-

74 1881 120 1925 tius
130 1877 160 1924 de
169 1878 198 1936 d)
207 1877 321 1924 mittendo
330 1879 466 1935 praeposito
476 1876 646 1934 interpellatus.
658 1876 776 1923 hominem
784 1877 816 1924 ad
825 1877 936 1924 obedien·

73 1943 130 1986 tiam
138 1949 222 1996 cogere
230 1938 348 1996 nequibat.
358 1939 384 1996 e)
393 1937 766 1995 CompulsusPraemonstratum,
775 1938 829 1985 hinc
838 1939 937 1985 Romam

76 2065 183 2117 sumptus
195 2065 266 2117 atque
277 2059 397 2106 molestias
409 2076 536 2116 perpessus
550 2064 592 2105 est.

76 2119 128 2166 Hac
136 2136 220 2166 caussa
228 2122 351 2177 consopita
359 2118 424 2164 aliud
433 2136 463 2164 ex
471 2118 518 2164 alio
527 2118 631 2165 succedit
640 2117 733 2165 malum.
763 2118 847 2165 incidit
855 2123 936 2174 nostro

73 2180 102 2225 lis
111 2196 164 2225 cum
171 2179 274 2236 quodam
282 2178 399 2225 Balduino
407 2179 483 2224 crucis
492 2177 630 2224 inferendae
638 2179 803 2224 concionatori.
813 2177 873 2225 Huic
882 2177 938 2224 dum

76 2239 148 2286 abbas
165 2239 303 2296 obsequium
319 2239 426 2295 denegat,
444 2240 595 2295 conqueritur
611 2237 655 2283 hoc
671 2240 750 2295 ipsum
765 2241 876 2295 episcopo
894 2255 937 2284 suo

78 2298 186 2345 Arnoldo
205 2299 234 2344 ab
255 2298 334 2345 Hoem
354 2296 503 2354 Trajectensi
523 2296 633 2354 praesuli.
663 2296 707 2343 Hic
728 2300 800 2344 misso
821 2314 938 2355 praecone

78 2360 186 2407 abbatem
204 2363 228 2406 in
245 2359 391 2407 Vollenhove
409 2359 484 2405 adse
502 2362 608 2405 accersit,
634 2358 670 2404 Eo
687 2360 808 2416 profectus
828 2363 938 2406 sinistrae

78 2425 217 2480 suspicionis
248 2425 349 2479 ignarus.
381 2423 405 2467 in
436 2420 529 2477 vincula
560 2423 684 2478 conjicitur
716 2426 810 2478 praeter
842 2422 938 2468 modum

76 2490 99 2531 et
111 2487 232 2530 rationem.
245 2484 387 2531 Mulctatum
399 2482 489 2530 duobus
502 2483 525 2541 f)
538 2488 682 2529 scutatorum
694 2483 787 2530 milibus
800 2485 938 2541 captivitate

101 2706 121 2748 a)
147 2706 199 2742 add:
212 2705 279 2742 Abbas
292 2705 374 2746 electus'
532 2704 553 2744 bl
578 2703 745 2746 praeposituram

100 2754 119 2795 c)
144 2754 206 2790 libera
219 2753 317 2789 electione
323 2764 331 2796 ,·
531 2751 552 2793 d)
577 2750 688 2787 ordinando
695 2762 703 2793 ;
729 2757 731 2759 ·

100 2804 120 2844 e)
145 2803 255 2846 Episcopus
270 2803 332 2846 igitur
347 2802 411 2845 ipsam
427 2801 562 2844 preoccupare
578 2800 653 2837 nititur.
670 2800 737 2837 Abbas
754 2810 792 2843 quo
809 2801 874 2837 minus
890 2800 939 2836 illud

76 2854 119 2895 nar,
132 2852 223 2896 gnaviter
237 2853 311 2894 obstat,
325 2851 376 2889 unde
389 2851 435 2887 lites
449 2853 469 2887 et
483 2851 563 2887 dissidia
577 2851 633 2886 tanta
647 2859 733 2892 crevere,
748 2851 769 2886 ut
783 2851 845 2887 abbas
859 2859 938 2885 conser-

29 2933 30 2936 ,
77 2903 153 2939 vennae
169 2902 310 2938 iurisdictionis
327 2901 393 2944 grana
409 2900 598 2941 Praemonstratum,
615 2900 660 2935 triac
678 2899 760 2936 Romam
777 2900 855 2944 magnis
872 2908 938 2942 sump-

77 2951 129 2987 tibus
140 2950 194 2986 adire
205 2951 286 2986 coactus
297 2950 329 2986 sn.
824 2964 825 2967 ¹

99 2999 117 3042 f)
148 2999 206 3035 add:
225 3007 345 3042 aureorum,-

102 3099 110 3135 1
131 3097 237 3156 Amkema,
250 3098 373 3140 voormafige
385 3097 435 3134 stins
448 3097 474 3141 bij
487 3095 592 3133 Berlikum.
