2121 3546
547 232 576 275 72

131 358 210 410 potest
223 353 305 400 mediis
318 355 430 411 reprimit.
444 354 558 400 Attamen
571 354 601 400 de
614 370 657 400 sua
670 352 828 400 sollicitudine
840 353 898 399 nihil
911 355 991 399 remit-

132 421 191 470 tens,
206 415 303 461 utilitati
318 415 421 470 studens,
438 418 516 461 omnia
531 415 688 472 agriculturae
702 417 836 461 necessaria
851 419 990 473 promovet:

132 494 223 531 vaccas,
243 477 320 531 boves,
341 494 420 534 equos.
440 494 503 532 oves,
523 482 664 535 caeteraque
683 479 734 523 sine
753 477 836 535 quibus
856 478 992 523 monasterii

97 546 99 548 ’
130 545 261 595 proventus
277 541 372 584 minime
389 544 500 585 constare
516 544 604 596 potest.
635 539 814 585 Restaurationi
830 555 926 596 quoque
942 555 994 584 non·

132 597 213 644 deluit.
227 597 402 645 Bibliothecam
415 598 446 644 ad
459 598 542 644 valvas
556 597 640 656 templi
652 598 771 645 inferioris
784 597 935 645 incommode
949 598 990 644 ad·

132 658 227 703 modum
239 660 313 713 erigit.
326 659 397 703 variis
410 659 575 715 manuscriptis
588 660 723 715 pressisque
735 657 800 703 libris
814 662 919 703 exornat.
933 657 990 703 Am-

132 719 205 765 bitum
216 719 298 776 templi
309 719 488 776 septentrionali
499 718 574 765 latere
586 721 613 778 a)
624 720 702 773 diruit,
714 719 846 765 inconsulte
858 719 990 773 admodum.

133 781 196 838 quod
211 780 279 827 huius
295 781 423 837 parietibus
439 781 521 838 templi
537 781 659 827 fulciretur
675 780 781 835 altitudo,
799 786 822 827 et
838 784 862 827 ni
878 783 991 839 maturius

133 842 233 889 trabium
248 845 353 889 cinctura
368 848 519 899 prospectum
534 844 624 897 luisset,
640 860 755 889 summum
770 843 852 900 templi
867 843 992 889 corruendi

133 906 259 950 discrimen
271 907 343 950 muris
355 904 520 951 inclinantibus
534 905 623 951 inisset.

132 966 185 1012 Uno
197 966 331 1024 eodemque
342 971 451 1024 tempore
461 968 485 1012 in
496 969 642 1013 monasterio
653 965 798 1013 Lidlomensi
808 971 859 1013 tres
870 967 938 1014 luere
950 966 991 1013 ab·

133 1026 206 1079 bates,
218 1025 246 1071 D*¹
258 1024 330 1079 Tako,
342 1025 426 1071 Petrus
437 1024 519 1079 Valck‚
532 1025 636 1071 Joannes
647 1025 807 1072 Duvelandus.
820 1025 911 1073 Horum
921 1029 991 1083 prior.

132 1087 249 1133 recedens
262 1086 339 1133 Horto
353 1087 445 1133 Mariae
460 1087 576 1133 valedixit
588 1088 681 1134 Lidlom
693 1090 803 1144 migrans.
818 1104 880 1134 anno
896 1091 923 1133 12
936 1093 992 1145 post

135 1149 192 1192 1500
207 1148 308 1192 moritur
324 1151 348 1192 et
365 1147 487 1204 sepelitur.
503 1147 575 1193 Anno
593 1151 619 1192 11
636 1149 689 1205 ipsa
705 1151 777 1193 nocte
794 1146 881 1194 natalis
897 1146 992 1193 Domini

134 1208 233 1263 quisque
250 1205 322 1251 abbas
338 1222 432 1251 sacrum
447 1205 569 1251 celebrans
585 1211 724 1262 perpetuam
740 1208 790 1252 eius
806 1208 841 1251 rei
857 1208 994 1252 memoriam

134 1267 285 1325 relinquunt:
311 1266 376 1313 Talro
393 1269 499 1324 primam,
517 1270 649 1325 proximam
666 1269 761 1313 missam
778 1266 861 1321 Vallio,
880 1284 994 1314 summam

132 1328 305 1383 Duivelandus5
314 1328 383 1375 simul
393 1329 543 1375 relectorium
553 1332 661 1386 pransuri
671 1330 839 1386 ingrediuntur,
849 1334 931 1387 potato
941 1331 995 1375 vino

135 1389 246 1445 gaudium
262 1392 343 1447 ing'ens
360 1393 471 1437 excitant,
488 1391 587 1437 Aestate
604 1394 711 1448 sequenti
727 1391 754 1437 D.
772 1390 838 1437 Talro
854 1394 878 1437 in
894 1392 994 1437 Domino

133 1453 233 1497 moritur
248 1451 282 1508 b).
335 1493 337 1497 Α

134 1512 259 1559 Gliscente
285 1528 379 1558 rursum
404 1510 494 1557 invidia
521 1511 628 1558 Joannes
655 1527 699 1557 sua
725 1514 854 1569 protervia,
883 1512 994 1559 socordia

136 1577 208 1630 atque
220 1571 296 1618 inutili
309 1572 511 1617 administratione
523 1587 596 1616 novas
610 1573 697 1616 excitat
709 1571 850 1627 tragoedias,
863 1571 967 1618 Vocatus
981 1589 996 1618 a

136 1636 254 1680 canonicis
267 1633 339 1679 abbas
351 1632 439 1679 Paulus
452 1632 482 1678 de
493 1634 584 1677 ratione
597 1631 750 1678 subducenda
761 1635 832 1679 initur
844 1635 911 1687 ratio,
925 1650 995 1691 quam

134 1696 191 1741 dum
205 1694 313 1741 studiose
329 1693 456 1740 admodum
472 1695 569 1750 exigunt
584 1696 717 1748 monastici¹
734 1693 774 1741 ille
789 1696 813 1741 in
829 1695 995 1765 detensionem

136 1755 181 1801 sibi
189 1754 247 1800 nihil
256 1754 320 1811 quod
329 1755 360 1799 ad
370 1770 420 1799 rem
429 1754 524 1807 iaceret,
535 1752 632 1810 profert.

136 1815 279 1861 Claruerunt
327 1815 413 1861 eodem
460 1819 570 1872 tempore
618 1813 687 1860 multi
735 1815 780 1858 viri
828 1815 920 1871 pietate
970 1819 995 1860 et

136 1875 245 1921 doctrina
297 1878 456 1931 praestantes,
511 1889 612 1931 quorum
664 1872 777 1930 judicium
829 1872 994 1929 subterfugere

134 1936 230 1980 minime
264 1935 349 1991 potuit,
383 1932 440 1979 licet
472 1933 553 1979 multis
585 1936 695 1979 uteretur
728 1930 856 1977 verborum
890 1931 994 1988 ambagi-

134 1993 186 2047 bus¹
204 2009 306 2049 quorum
322 1992 347 2037 hi
363 2008 422 2049 prae
441 1993 545 2037 coeteris
563 1991 630 2037 luere
648 1993 723 2047 magis
741 1992 861 2046 insignes:
888 1990 995 2037 Joannes

135 2052 229 2111 Keppel
238 2055 302 2110 prior
311 2055 334 2097 in
343 2051 432 2106 Baiom
442 2050 558 2097 Henricus
568 2051 687 2108 quondam
696 2052 746 2096 eius
755 2049 802 2096 loci
810 2052 880 2107 prior.
890 2049 997 2096 Theode-

137 2115 199 2159 ricus
215 2111 318 2166 Hattom,
333 2110 482 2157 Hermannus
497 2112 523 2169 c)
537 2109 617 2156 Fonclr
632 2112 696 2167 prior
711 2111 734 2155 in
749 2108 847 2163 Lidlom.
862 2108 996 2156 Vibrandus

139 2179 220 2232 pastor
242 2176 266 2220 in
288 2172 405 2227 Berllrom,
437 2172 552 2218 Gerlacus
575 2177 656 2229 pastor
671 2174 696 2217 in
711 2171 854 2225 Menaldom.
887 2171 998 2218 Nicolaus

122 2244 124 2248 ’
138 2235 308 2289 Voonsdrecht,
320 2234 456 2292 Ludolphus
468 2234 496 2292 d)
508 2233 637 2279 Svollensis
649 2233 768 2287 sacellani,
781 2232 870 2290 Tieplro
882 2239 963 2290 pastor
975 2236 999 2279 in

138 2298 263 2355 Spannom.
275 2297 394 2354 quondam
405 2298 554 2353 praepositus
565 2295 655 2341 Vineae
666 2294 766 2349 Domini,
779 2293 884 2341 Joannes
896 2294 997 2341 Gronin·

138 2362 215 2417 gensis
225 2364 307 2416 pastor
316 2361 340 2404 in
349 2358 453 2412 Vinsom,
465 2357 592 2403 Isbrandus
603 2361 684 2414 pastor
694 2359 718 2402 in
729 2355 872 2410 Sexbierom,
885 2355 991 2402 'Everan

138 2421 181 2467 dus
192 2426 273 2478 pastor
284 2419 446 2476 Scellinganus
457 2437 470 2465 e
471 2420 489 2477 Ι,
502 2418 625 2464 Cornelius
636 2423 717 2476 pastor
728 2420 752 2464 in
762 2416 903 2463 Tzomarum
913 2417 942 2474 i),
954 2419 998 2461 viri

138 2499 218 2529 omnes
236 2483 361 2539 magnifici,
379 2498 479 2539 quorum
497 2482 591 2526 conatui
609 2480 665 2526 dum
684 2482 751 2537 justis
769 2481 850 2537 nequit
868 2478 997 2530 rationibus

136 2561 265 2599 occurrere,
282 2549 388 2590 movetur
405 2544 518 2600 dignitate
535 2543 625 2589 decimo
641 2541 745 2588 secundo
761 2542 788 2599 g)
805 2541 834 2586 ab
850 2542 997 2601 initomagis·

136 2609 201 2650 tratu
220 2620 290 2657 anno,
316 2603 399 2649 salutis
416 2602 444 2661 h)
462 2605 518 2648 1517
536 2604 599 2647 circa
615 2603 719 2647 natalem
735 2600 835 2647 Domini.
853 2599 928 2647 Paulo
945 2605 999 2657 post

136 2666 240 2710 moriens
248 2666 272 2709 in
280 2664 409 2720 posteriori
418 2661 536 2708 ecclesiae
549 2666 618 2718 parte
628 2659 735 2718 sepultus
746 2662 852 2717 quiescit.
885 2709 887 2712 y

208 2802 260 2837 add:
272 2799 388 2836 continuata
401 2796 499 2833 testudine
512 2805 563 2837 opus
574 2795 653 2837 insigne
659 2806 667 2837 ,·

208 2850 260 2885 add:
274 2857 326 2883 anno
341 2848 363 2883 12
375 2846 423 2889 post
437 2845 491 2886 150&
504 2844 529 2880 ad
542 2844 603 2886 pedes
617 2842 694 2879 abbatis
708 2841 783 2878 Eieloci
798 2841 887 2884 sepultus
901 2842 983 2883 quiescit
990 2853 997 2884 ,-

207 2895 329 2938 Svollensis;
596 2889 617 2932 d)
642 2898 695 2926 om:
715 2889 823 2926 Svollensis
830 2900 837 2932 ,·

250 2956 268 2982 ..·
367 2953 404 2979 rn·

210 2947 272 3032 aelli:
287 2944 377 3032 linacldbirs
390 2971 526 3034 iraiectensis,
538 2990 627 3027 ioannes
641 2988 754 3026 Oudevater
766 2988 856 3026 canonici
862 3000 870 3032 ;

161 3046 184 3090 g)
208 3045 234 3082 A:
246 3045 331 3087 necrmm
593 3039 615 3081 h)
641 3039 701 3082 1518,-
