2121 3546
548 221 562 266 6

125 346 236 401 occeptus
251 358 291 388 vrx
305 359 382 400 capax
397 344 500 389 omnium
515 342 582 397 loret,
599 359 689 389 summo
705 343 783 390 studio
798 344 880 390 maiori
895 341 984 390 ambitu

125 407 203 463 ipsum
226 407 297 451 auxit.
322 404 445 462 Templum
468 420 555 451 novum
578 407 666 461 ingenti
690 420 763 462 opere
786 421 801 451 a
825 404 983 450 fundamentis

124 469 222 523 erigens.
244 465 361 524 lapidibus
382 466 514 520 destitutus,
536 465 689 512 Dav'entriam
709 465 878 523 profisciscitur
892 465 983 522 lapides

126 527 258 584 tophinos1
274 529 386 573 montium
402 527 529 573 visceribus
545 532 625 573 erutos
640 532 825 584 comparaturus,
842 525 983 573 Crumenam

125 589 225 633 nummis
234 588 366 640 distentam,
376 603 433 633 casu
441 589 465 632 in
473 589 525 644 ipso
534 586 617 633 Rheno
626 587 699 634 lluvio
708 588 856 645 rapidissimo
866 590 982 640 amissam.

126 654 166 694 aut
182 648 233 694 Deo
249 648 361 703 Maximo,
378 653 419 695 aut
435 648 499 706 quod
515 665 553 694 res
570 650 604 695 sic
621 648 718 702 ferebat,
737 649 876 695 miraculose
893 650 982 706 recipit.

126 708 174 755 Hos
185 708 314 755 Daventria
323 726 365 766 per
375 708 473 755 Ysulam
482 714 562 756 vectos
573 709 672 756 Frisiam
684 710 787 764 deduxit,
798 709 884 768 politos
895 708 983 767 templo

126 770 223 824 addidit,
237 787 373 828 summaque
386 770 507 827 diligentia
519 773 595 828 ipsam
608 787 699 817 sacram
713 772 796 817 aedem
809 773 941 825 maximam,
955 787 984 816 ea

125 848 172 888 qua
184 831 289 877 videmus
303 832 379 877 torma
392 832 552 888 tetrangulari
566 832 598 878 ad
610 832 703 879 culmen
716 833 831 889 perduxit.

125 891 230 938 Tandem
241 892 291 938 Deo
303 898 382 949 gratus
395 895 496 939 animam
507 896 553 950 ipsi
565 893 672 940 Creatori
683 893 767 947 reddit.
781 895 808 952 c)
819 894 983 951 praefecturae

125 970 186 999 anno
195 958 209 999 9
219 954 252 1011 b),
262 954 398 1000 Dominicae
407 957 573 1000 incarnationis
585 958 648 1009 1184,
659 957 728 1000 tertio
738 971 812 1000 nonas
823 954 956 1012 Sepembris
966 956 982 1000 ².

397 1077 556 1120 Herbrandus
571 1077 646 1120 abbas
661 1076 707 1120 III.

124 1199 150 1256 c)
165 1197 324 1251 Herbrandus,
339 1197 420 1243 forsan
435 1196 594 1250 Gerbrandus,
610 1198 645 1242 vir
660 1196 749 1250 doctus¹
765 1198 817 1253 pius
833 1201 856 1243 et
871 1196 981 1253 prudens.

125 1274 182 1304 suae
197 1258 343 1313 fratrumque
357 1256 439 1303 salutis
454 1256 580 1302 admodum
595 1255 715 1310 sollicitus
731 1260 814 1301 octavo
830 1258 866 1301 sui
880 1257 983 1301 muneris

124 1335 205 1364 mense
217 1320 240 1363 in
253 1317 353 1364 Domino
365 1320 468 1371 moritur,
482 1334 544 1363 anno
558 1320 615 1363 1185
627 1320 709 1374 quinto
721 1333 796 1363 nonas
809 1316 953 1374 Septembris
967 1319 981 1363 ³.

426 1439 534 1482 Joannes
547 1405 622 1482 abbas
634 1438 677 1482 IV.

125 1559 153 1605 D.
171 1560 282 1613 Joannes.
300 1559 403 1605 honestis
420 1564 489 1606 natus
506 1559 650 1617 parentibus,
668 1558 696 1605 D.
715 1558 854 1606 Gerbrando
872 1559 982 1605 defuncto

125 1622 235 1668 succedit.
250 1620 292 1666 Vir
305 1620 411 1667 omnibus
425 1620 500 1666 modis
515 1620 646 1675 laudabilis,
661 1622 702 1678 qui
716 1623 851 1666 monasterii
865 1620 983 1667 honestati

124 1681 256 1734 consulens,
271 1680 382 1737 quicquid
396 1681 424 1738 d)
439 1684 480 1726 aut
493 1682 605 1737 temporis
620 1680 734 1726 brevitate
748 1696 791 1737 per
806 1680 939 1736 praelatum
953 1679 981 1726 D.

125 1740 289 1786 Gerbrandum
306 1745 381 1786 morte
398 1744 537 1796 preventum
554 1744 595 1785 aut
613 1739 759 1796 aegritudine
777 1741 849 1795 ipsius
868 1744 983 1797 perpetua

124 1803 282 1847 intermissum
294 1801 377 1854 luerat.
390 1814 480 1847 summo
492 1800 570 1847 studio
583 1805 714 1858 exequutus
727 1805 769 1847 est.
855 1841 858 1843 a

123 1861 294 1907 Monasterium
306 1864 354 1907 suis
365 1863 470 1907 terminis
482 1860 618 1907 conclusum
630 1860 698 1907 simul
710 1877 763 1908 cum
776 1861 835 1907 aede
847 1878 915 1907 sacra
928 1878 982 1907 con-

125 1925 212 1968 secrari
226 1924 316 1967 curavit
331 1921 360 1967 ab
375 1923 486 1978 episcopo
500 1920 648 1978 Trajectensi
663 1938 724 1967 anno
741 1925 805 1967 1190.
821 1921 865 1968 Hic
880 1924 982 1968 moriens

123 1982 280 2028 venerabilem
298 1982 434 2038 pauent),
452 1981 570 2039 Syardum
587 1982 710 2028 virtutibus
728 1985 880 2039 conspicuum
897 1983 941 2029 sibi
959 1985 982 2029 in

124 2043 205 2089 olficio
216 2043 326 2101 subsequi
337 2043 441 2101 postulat
453 2060 513 2090 anno
527 2047 590 2098 1194,
598 2043 646 2089 ’ΧΠ
659 2043 773 2091 kalendas
786 2044 844 2090 Julii
856 2046 871 2091 4,

429 2166 538 2217 syndus
555 2167 630 2211 abbas
646 2166 676 2210 V.

124 2289 229 2347 Syardus
247 2291 282 2334 vir
300 2304 390 2334 summa
408 2289 479 2333 animi
496 2289 585 2344 pietate
602 2289 662 2333 inter
681 2286 784 2344 reliquos
802 2286 893 2333 Frisiae
910 2289 982 2334 totius

124 2351 208 2405 clarus,
223 2350 250 2396 D.
265 2349 352 2395 Joanni
364 2348 499 2402 succedens.
514 2347 637 2394 virtutibus
651 2349 743 2405 piisque
756 2347 866 2405 operibus
880 2350 983 2395 omnium

123 2415 146 2457 in
166 2428 192 2458 se
211 2411 317 2457 favorem
335 2413 429 2456 excitat,
450 2409 518 2456 Nunc
539 2414 562 2455 et
582 2411 666 2455 mirum
687 2412 710 2454 in
731 2409 826 2456 modum
847 2412 982 2456 monasterii

124 2612 266 2619 ——-—-—

193 2654 250 2690 add:
269 2652 357 2689 collectis
369 2653 475 2695 omnibus,-

193 2702 306 2745 Hs,A:8;
408 2702 427 2744 c)
454 2702 594 2744 Gerbrandus;

193 2753 290 2794 perpetua
311 2750 390 2786 loannis
412 2751 471 2791 (door
494 2760 530 2786 een
546 2750 619 2786 andere
635 2750 687 2786 nand
704 2750 809 2787 verberent
824 2750 844 2786 tn
862 2750 980 2793 Gerbrandt)

123 2809 147 2837 va
156 2801 235 2836 etudine
247 2799 285 2841 (bs,
297 2798 413 2841 neluttdtne)
426 2799 508 2835 adversa
510 2826 554 2834 ........
567 2798 700 2835 intermissum
712 2798 779 2834 ruerat
785 2810 793 2840 ,-

148 2801 155 2835 l

148 2899 155 2934 1
181 2896 281 2934 Tufsteen.

147 2948 158 2984 2
182 2945 325 2990 3Septernber.

146 2996 158 3031 3
184 2993 326 3038 lseptember.

147 3044 158 3079 4
182 3042 268 3080 2011101.
