2121 3546
481 244 509 287 61

65 372 112 418 tur;
130 367 188 422 juris
203 366 325 423 utriusque
340 364 466 422 prudentia
481 364 559 411 clarus
575 364 716 411 decanatum
732 381 822 411 summo
838 363 926 411 honore

67 424 202 471 moderatus
217 429 259 470 est.
274 423 336 470 Exili
351 441 450 481 corpore
464 427 568 471 existens
583 426 686 471 animum
701 423 792 470 ferebat
808 423 927 470 excelsum

66 486 192 544 multisque
203 492 312 533 ornatum
323 491 346 532 et
356 486 494 533 literaturae
505 491 529 532 et
539 489 653 543 pietatum
665 488 804 543 margaritis.

66 545 147 592 Abbas
159 545 247 592 electus
259 545 383 592 D.Hesseli
393 545 517 592 collectam
529 548 652 602 pecuniam
664 551 759 592 coactus
771 551 807 592 est
819 562 927 603 promere

66 622 112 663 pro
118 605 280 651 satisfactione
288 605 411 651 cuiusdam
418 605 481 651 Lasii
490 623 504 651 a
513 605 641 651 coenobitis
650 607 728 651 occisi,
738 604 799 651 Hinc
808 604 874 651 aliud
882 606 928 662 ipsi

67 664 193 711 eluendum
216 664 260 710 fuit
281 664 432 711 homicidium
453 663 579 722 szalingii
601 665 715 720 ecclesiae
738 665 761 711 S.
785 664 881 721 Georgii
904 666 927 709 in

69 725 96 781 a)
113 724 273 771 Oesterbirom
289 725 406 771 interfecti
422 741 437 770 a
453 724 556 781 quodam
572 725 686 771 monacho
703 724 790 771 Sibodo
807 740 928 771 converso.

69 785 121 832 Hac
143 788 282 843 sanguinum
303 791 436 833 mercatura
458 791 530 840 satur,
546 788 670 832 arctiorem
684 789 747 833 vitae
762 786 930 833 monachorum

69 851 168 905 spirans.
184 865 304 895 carcerem
317 848 436 906 publicum
450 848 562 905 grandem
576 854 600 895 et
615 849 709 895 firmum
723 850 776 895 fieri
790 851 887 903 curavit,
903 853 929 894 ut

69 910 106 956 vel
118 910 186 972 huius
198 915 262 957 metu
274 911 303 957 ab
315 913 378 957 omni
390 916 535 957 terrerentur
547 910 684 957 coenobitae
696 911 815 957 violentia.
828 910 929 957 Abbatis
974 960 976 963 ,

68 971 147 1018 aulam
157 972 286 1019 honorifico
297 973 397 1019 adornat
408 972 546 1030 poculorum
556 979 721 1031 argenteorum
732 991 835 1020 numero.
847 973 929 1019 Libros

69 1031 188 1078 cimicibus
200 1037 223 1078 et
234 1035 298 1079 carie
307 1037 430 1089 corruptos
441 1035 492 1089 ipse
503 1032 610 1079 literatus
621 1033 729 1079 refarciri
739 1050 820 1079 omnes
831 1035 928 1079 curavit.

70 1093 210 1139 Monasterii
220 1097 312 1140 moenia
323 1099 347 1140 et
357 1103 436 1140 muros
448 1094 478 1140 ab
489 1094 590 1141 Sickone
601 1094 733 1152 Syardama
745 1097 840 1152 suisque
852 1111 929 1141 assec-

69 1154 97 1201 lis
111 1155 138 1213 b)
152 1155 196 1212 disi
200 1160 263 1201 ectos
277 1172 320 1213 pro
333 1155 420 1202 viribus
434 1158 542 1202 restituit.
557 1156 647 1202 Harum
660 1157 756 1203 tandem
769 1157 930 1203 molestiarum

70 1219 193 1271 pertaesus
208 1217 243 1260 vir
258 1215 347 1269 doctus,
363 1214 450 1272 probus
465 1220 489 1261 et
503 1215 617 1270 literatus,
633 1219 747 1262 accersito
762 1221 831 1272 patre
846 1216 931 1262 abbate

69 1274 205 1332 Tzialingio,
218 1278 254 1322 sui
265 1276 339 1322 ofiicii
351 1276 522 1323 abdicationem
534 1276 632 1323 liberam
644 1280 754 1334 impetrat
766 1278 930 1334 praefecturae

70 1351 131 1381 anno
141 1352 210 1390 nono¹
221 1335 303 1382 salutis
315 1339 379 1382 1439.
390 1336 452 1383 Dato
462 1336 558 1382 sallario
569 1345 646 1383 annuo
657 1336 781 1383 ecclesiam
792 1354 860 1383 suam
870 1336 930 1383 Hor-

70 1411 167 1441 nensem
176 1397 268 1452 repetit¹
278 1395 361 1441 studiis
371 1397 463 1453 piisque
472 1400 597 1442 vacaturus
607 1395 724 1453 operibus.

336 1520 464 1570 Rcijncrus
478 1520 553 1564 abbas
566 1518 664 1562 XXIII.

73 1639 143 1686 Omni
156 1639 264 1686 molestia
277 1638 350 1685 libero
363 1638 391 1685 D.
405 1637 506 1685 Folkero
520 1638 589 1684 docto
603 1643 626 1684 et
639 1641 685 1695 pio,
699 1644 754 1695 post
767 1637 860 1696 longam
874 1638 931 1685 deli·

73 1703 218 1747 berationem
231 1706 330 1758 uterque
344 1699 416 1747 abbas
429 1700 584 1757 szallingius
598 1705 622 1746 et
635 1699 706 1747 Villro
720 1699 821 1747 solliciti
829 1700 858 1746 de
872 1717 933 1746 novo

74 1763 243 1816 substituendo.
265 1779 345 1808 omnes
366 1762 435 1809 simul
455 1761 566 1808 collectos
587 1762 618 1826 ad
638 1779 721 1819 pacem
741 1767 764 1809 et
784 1762 934 1808 concordiam

73 1825 197 1871 hortantur
212 1829 236 1870 et
251 1827 346 1870 instant.
363 1823 452 1876 Quovis
468 1841 511 1870 suo
526 1824 663 1881 proferente
679 1824 794 1880 suffragio
809 1824 933 1881 Reijnerus

74 1889 133 1944 pius,
149 1889 226 1932 animo
240 1885 347 1943 simplici,
362 1886 468 1932 modesto
483 1891 506 1932 et
520 1885 601 1940 humili
616 1885 688 1932 abbas
703 1886 839 1942 designatur
851 1903 856 1939 ;
879 1903 934 1933 con·

75 1948 189 2001 firmatus.
202 1965 217 1993 a
228 1946 256 1993 D.
268 1948 372 1993 Martino
385 1947 414 1993 de
426 1946 519 1994 Blonda
531 1948 546 2002 ²,
559 1948 749 1994 reverendissimi
760 1950 866 2006 episcopi
878 1947 934 1995 Val-

72 2012 132 2055 rami
142 2014 157 2055 a
167 2009 249 2056 Moers
261 2009 421 2064 Traiectensis
435 2012 522 2056 vicario
535 2014 692 2063 consecratur.

73 2068 195 2126 Regnerus
234 2069 355 2127 quondam
390 2069 482 2115 ‘ordinis
522 2071 688 2116 canonicorum
727 2069 871 2126 regularium
910 2071 934 2116 iu

74 2128 184 2187 Aenyom
209 2129 315 2175 eiusdem
341 2131 477 2175 monasterii
503 2131 652 2187 praepositus
680 2131 764 2183 exurit,
791 2146 839 2187 qua
865 2146 934 2187 prae·

74 2191 180 2245 positura
209 2187 324 2242 abdicata,
354 2191 449 2235 summis
478 2188 586 2245 precibus
615 2206 630 2235 a
658 2188 686 2234 D,
716 2188 817 2235 Folkero
845 2190 934 2235 ordinis

74 2248 315 2294 Praemonstratensis
359 2251 382 2294 in
425 2250 567 2294 monasterio
611 2247 754 2294 Lidlomensi
799 2248 936 2305 religionem

76 2307 176 2365 adeptus
203 2312 245 2354 est.
284 2306 399 2353 Folkerus
427 2324 523 2354 suorum
549 2308 649 2353 fratrum
677 2310 786 2365 exiguum
814 2325 936 2354 numerum

75 2384 181 2420 cernens,
208 2383 236 2413 eo
263 2366 356 2413 facilius
383 2366 444 2413 hunc
471 2369 558 2424 injecto
585 2366 667 2414 habitu
693 2366 794 2414 candido
822 2370 936 2425 praestito

75 2431 137 2481 voto,
165 2426 266 2472 admisit.
294 2425 409 2472 Folkerus
437 2426 537 2472 hominis
565 2429 654 2484 pietate
681 2431 705 2473 et
732 2425 867 2473 obedientia
895 2427 935 2473 de·

76 2485 176 2532 lectatus
202 2488 279 2543 ipsum
305 2485 420 2532 ecclesiae
438 2484 461 2532 S.
475 2485 574 2532 Joannis
594 2502 662 2532 suum
681 2502 840 2532 successorem
860 2486 937 2543 desig·

77 2550 124 2599 nat.
135 2547 173 2591 cui
181 2549 275 2602 praeest
284 2547 351 2591 annis
360 2545 464 2598 totidem.
474 2549 532 2603 quot
541 2547 564 2591 in
574 2544 665 2592 abbatis
674 2545 825 2603 praefectura
834 2545 938 2603 praefuit

76 2606 198 2653 Folkerus.
214 2605 332 2653 Defuncto
347 2607 376 2653 D.
392 2606 495 2653 Henrico
511 2607 695 2654 Sexbiromanae
711 2607 826 2654 ecclesiae
841 2613 937 2665 pastore

77 2670 211 2729 Reynerum
223 2668 324 2715 electum
337 2668 448 2715 defuncto
461 2667 572 2724 subsequi
585 2666 657 2725 iubet.
670 2666 689 2713 F
690 2666 785 2713 olkerus
798 2684 856 2714 suae
868 2683 937 2725 prae·

78 2730 184 2777 tecturae
195 2728 296 2786 amplius
306 2744 353 2774 non
365 2728 444 2774 ferens
455 2726 582 2781 molestias,
594 2731 690 2784 captata
702 2729 825 2773 occasione
836 2744 938 2773 commo·

104 2913 125 2956 a)
149 2912 300 2956 Aesterbirom;
532 2909 558 2952 b)
578 2910 610 2947 A:
631 2911 727 2953 assertis,-

102 3014 110 3049 1
136 3011 234 3050 Martinus
256 3011 392 3055 Magionensis
414 3021 460 3049 van¹
473 3010 522 3054 Bliia
545 3008 668 3053 (1432-‘57).
699 3008 744 3053 Vgl.
767 3007 789 3046 N.
812 3007 937 3053 Biografisch

80 3060 150 3099 dels
164 3059 180 3097 ll
193 3059 233 3105 877,
246 3069 298 3097 waar
311 3059 352 3097 ook
364 3068 412 3097 over
423 3058 529 3096 Walraven
541 3067 579 3094 van
592 3056 665 3094 Meurs.
