2121 3546
576 233 605 277 78

159 352 227 400 rabili
255 356 306 399 viro
335 354 363 399 D.
379 353 472 400 Joanne
487 353 580 412 Keppel
610 353 717 411 religioni
740 353 884 400 dedicandus
900 356 1018 411 recipitur.

159 415 256 473 Sumpto
271 416 352 462 habitu
366 419 495 462 monastico
510 417 631 462 literarum
646 416 729 462 studiis
745 416 845 462 inhaesit
857 419 973 473 gnaviter,
983 418 1017 464 sic

158 481 219 524 utin
232 481 260 524 iis
273 479 304 524 ad
316 481 474 524 necessariam
486 481 642 535 cognitionem
655 477 725 524 facile
738 478 871 535 profecerit.
885 477 955 523 Dulci
967 493 1019 522 ver-

158 541 240 586 borum
253 541 369 586 lenocinio
383 558 446 594 usus,
461 540 541 597 plures
555 543 579 586 in
594 543 630 587 sui
644 542 770 586 amicitiam
784 541 866 596 coegit.
882 538 1019 585 Sacerdotio

159 603 245 648 exinde
253 605 411 659 inauguratus,
423 605 446 648 in
455 602 593 648 Menaldom
602 601 734 648 sacellanus
744 602 772 659 α)
781 603 936 654 constituitur.
947 600 987 647 ubi
996 605 1020 646 et

159 678 273 707 summam
290 678 342 708 cum
358 661 473 707 nobilibus
491 678 534 707 sua
550 662 710 719 obsequentia,
728 660 840 707 civilitate
857 677 948 706 morum
965 676 1019 705 con·

158 725 231 769 traxit
245 723 453 769 necessitudinem.
483 723 574 775 Quibus
589 723 644 770 dum
658 725 768 776 innotuit,
783 722 881 778 Georgii
896 722 1018 768 Roordani

158 783 236 829 studio
254 783 368 829 ecclesiae
386 782 558 841 Spannomensi
576 788 656 840 pastor
675 782 809 829 declaratur
827 787 851 828 et
867 781 932 838 quod
950 791 1020 838 aegre

158 845 285 891 admodum
295 847 340 902 ipsi
351 863 404 891 curn
414 862 457 891 suo
468 847 609 891 conveniret
620 845 712 897 colono,
720 861 739 890 a
748 844 914 890 Berlkomanis
925 843 1017 889 electus

116 920 118 924 ⁴
158 922 187 951 eo
200 908 291 961 migrat.
306 905 381 951 Paulo
396 910 449 962 post
463 905 559 950 vendita
574 903 721 962 supellectili,
737 904 853 950 modicam
868 905 1020 960 pecuniarum

158 969 251 1024 copiam
263 967 358 1023 colligit,
372 972 395 1013 et
409 966 472 1024 quod
485 966 671 1012 Lutheranorum
684 965 767 1012 studiis
781 965 912 1019 duceretur,
927 964 1019 1011 collatis

158 1028 245 1074 reculis
258 1034 399 1086 mutatoque
412 1028 496 1074 habitu
508 1030 572 1074 circa
584 1028 650 1075 Petri
663 1027 794 1075 cathedrae
807 1030 822 1081 ¹.
836 1026 1019 1083 Vittenberssam

158 1088 291 1135 studiorum
300 1091 376 1145 gratia
385 1088 459 1135 adiit².
472 1088 512 1133 Ad
526 1087 554 1133 D.
571 1087 654 1134 Jacobi
669 1088 756 1133 lestum
770 1087 797 1145 b)
812 1086 925 1133 mandatu
940 1086 1020 1132 Caroli

158 1147 269 1193 Caesaris
279 1148 417 1195 rebellionis
426 1166 506 1206 poena
516 1150 621 1202 indicta³,
632 1153 778 1195 revocantur
787 1150 938 1206 propriarum
948 1148 1017 1194 ditio-

158 1223 214 1253 num
224 1225 255 1253 ex
264 1207 370 1254 omnibus
381 1211 507 1266 gymnasiis
517 1209 647 1255 interdictis
658 1208 792 1255 scholastici
803 1225 889 1254 omnes.
901 1206 1019 1265 Syriacus,

158 1268 288 1326 Kemponis
300 1269 386 1327 Donija
397 1273 421 1315 in
433 1270 571 1317 Menaldom
583 1270 647 1317 iilius
659 1273 764 1328 paternis
778 1270 852 1316 literis
866 1269 895 1316 de
907 1269 1020 1316 mandatu

158 1332 313 1387 imperatorio
325 1333 413 1378 certior
424 1332 509 1385 lactus,
522 1331 591 1378 simul
604 1349 657 1378 cum
669 1331 784 1379 lsbrando
792 1333 818 1390 c)
829 1334 875 1390 ipsi
883 1331 1018 1389 obsequenss

158 1391 250 1436 tissimo
264 1390 360 1437 domum
371 1391 449 1437 rediit.
463 1390 516 1443 Quo
529 1391 595 1437 lacto
608 1408 623 1437 a
635 1390 768 1437 venerabili
781 1390 913 1437 Godelrido
927 1407 1018 1437 summa

158 1449 303 1495 difficultate
317 1467 348 1495 ex
361 1449 428 1495 illata
442 1452 533 1503 iniuria,
550 1451 614 1507 quod
627 1455 719 1496 temere
734 1450 861 1496 admodum
876 1452 928 1507 ipso
943 1452 1018 1496 inscio

158 1508 266 1554 habitum
286 1511 416 1565 rejecisset,
437 1509 603 1556 monachalem
616 1526 740 1556 aceessum
753 1512 872 1567 impetrat.
899 1509 1019 1555 Nobilium

159 1568 307 1626 quorundam
323 1569 431 1625 precibus
447 1571 548 1615 carceris
565 1569 699 1626 squalorem
715 1569 800 1615 evadit.
817 1568 880 1614 Acta
896 1585 939 1625 pro
956 1585 1021 1614 more

159 1633 305 1687 poenitentia
315 1631 361 1677 levi
371 1633 508 1677 restituitur.
519 1631 557 1677 Ab
568 1631 670 1688 Georgio
681 1630 777 1688 adjutus
788 1630 903 1677 ecclesiae
913 1629 1020 1687 Spanno·

159 1694 236 1738 mensi
248 1708 341 1738 rursum
353 1693 500 1749 praeficitur.

159 1749 244 1797 Abbas
280 1751 371 1798 electus
406 1767 515 1808 pressam
550 1751 591 1798 diu
626 1753 804 1798 animositatem
840 1756 942 1809 accepta
979 1767 1019 1797 oc·

160 1811 257 1856 casione
299 1811 424 1857 commoda
464 1812 553 1857 sensim
594 1813 687 1867 retegit,
730 1827 778 1867 qua
820 1810 906 1856 elatior
948 1826 1019 1868 quam

159 1886 203 1926 par
214 1874 265 1915 erat
276 1870 359 1915 lactus.
371 1870 501 1916 Primatum
511 1869 602 1915 Frisiae
612 1874 711 1916 venatus
723 1869 919 1915 necessitudinem
931 1871 1020 1925 magnis

160 1948 188 1977 ac
200 1930 331 1988 splendidis
343 1934 416 1978 utitur
428 1933 547 1977 conviviis.
560 1931 671 1977 Fratrum
682 1948 778 1977 suorum
791 1930 885 1977 dilectio
898 1936 921 1977 et
935 1930 1021 1977 sollici·

160 1993 217 2039 tudo
230 1995 298 2050 perit,
312 1994 376 2050 quod
389 2010 461 2050 quum
474 1995 497 2038 in
511 1993 620 2039 confesso
633 1992 740 2039 omnibus
754 1995 790 2047 sit,
805 1993 878 2038 celari
891 1993 960 2038 modo
974 2010 1021 2038 non

160 2059 244 2112 potest.
271 2054 334 2101 Suae
359 2057 429 2112 igitur
446 2055 598 2101 humanitatis
617 2055 707 2108 studiis,
726 2055 839 2112 obsequio
857 2060 881 2101 et
900 2055 1021 2111 diligentia

160 2122 252 2163 tantum
263 2117 343 2171 elficit,
356 2122 417 2163 utet
430 2119 509 2163 curiae
521 2116 702 2170 Leovardianae,
716 2116 812 2174 reliquis
825 2133 919 2174 quoque
931 2116 950 2162 F
951 2119 1021 2163 risiae

161 2180 279 2236 deputatis
291 2196 380 2225 summe
391 2178 482 2233 charus,
495 2178 589 2225 illorum
600 2181 624 2224 in
636 2181 735 2224 comitiis
747 2179 914 2225 Leovardianis
927 2179 1021 2225 addice·

160 2246 224 2287 retur
239 2240 344 2297 collegio.
361 2241 466 2293 Quorum
481 2257 578 2287 numero
593 2241 694 2295 additus,
710 2257 764 2287 cum
778 2241 875 2298 reliquis
890 2241 964 2287 tribus
979 2258 1021 2287 nu·

185 2340 204 2382 a)
230 2340 282 2376 add:
295 2350 307 2375 a
318 2341 400 2383 pastore
412 2339 499 2383 loanne;

184 2387 205 2430 b)
230 2387 261 2424 Ad
278 2389 301 2425 l).
319 2387 389 2425 laconi
406 2388 480 2424 testum
499 2387 565 2424 Caroli
582 2387 709 2431 imperatoris
727 2387 832 2431 publicatis
850 2387 913 2425 literis
931 2388 1022 2425 omnibns

160 2448 239 2475 suarum
256 2438 353 2475 ditionum
370 2438 441 2474 incolis
458 2438 572 2475 rebellionis
589 2447 654 2481 poena
678 2438 745 2474 addita
768 2438 855 2480 mandat,
878 2448 926 2475 suos
949 2447 1022 2481 pueros

160 2488 297 2525 adolescentes
310 2490 330 2524 et
344 2488 443 2531 quoslibet
456 2498 481 2524 er
495 2488 600 2524 academiis
613 2488 724 2525 interdictis
737 2490 832 2524 revocent
845 2490 866 2524 et
879 2489 962 2525 redeant
976 2490 1022 2525 ante

160 2539 183 2575 D.
199 2538 274 2575 Mathai
290 2539 377 2581 apostoli
391 2539 528 2581 testivitatem,
544 2539 614 2581 qulbus
628 2538 757 2581 proclamatis
773 2538 854 2580 quisque
870 2548 917 2575 suos
932 2539 1021 2575 studiose

160 2587 246 2623 revocat.
261 2586 309 2622 Erat
322 2585 417 2623 lsbrando
431 2595 475 2622 curn
490 2585 573 2629 Cijriaco
587 2586 694 2629 Kemponis
708 2586 780 2629 Doniia
793 2585 837 2622 lilio
850 2595 924 2629 magna
937 2586 1021 2623 tamilla-

162 2636 214 2673 ritas.
226 2636 250 2673 lli
261 2636 304 2679 pari
316 2636 382 2673 studio
393 2636 455 2673 iuncti
466 2637 534 2672 mutua
546 2635 677 2679 operaslmul
689 2636 778 2672 redeunt.
791 2636 835 2679 Quo
847 2636 902 2673 iacto
909 2647 917 2679 ,⁴

185 2687 204 2728 c)
230 2686 271 2722 tls:
283 2686 389 2728 Sibrando;

186 2770 193 2805 1
219 2769 352 2806 22Februari.

185 2821 196 2856 2
221 2820 261 2856 Zie:
279 2820 350 2856 album
368 2819 485 2856 Academiae
503 2820 657 2864 Vitebergensis,
675 2819 704 2855 ed.
722 2818 856 2864 Foersteman,
874 2818 952 2863 lipsiae
971 2821 1021 2866 1841,

220 2878 237 2910 p.
255 2868 297 2904 225:
315 2866 388 2911 „Sirius
405 2867 483 2903 Dhonia
500 2867 584 2903 Frisius''
602 2867 633 2910 (29
650 2867 696 2903 Juni
715 2867 777 2910 1545);
795 2878 812 2910 p.
830 2868 873 2904 230:
891 2867 1020 2911 „lsebrandus

220 2914 338 2952 Hardewick
350 2914 449 2951 Gelderen
463 2914 518 2957 (1545
531 2915 600 2951 Mense
613 2914 690 2959 aprili).
703 2915 757 2959 Vgl:
771 2914 829 2959 Bijdr.
843 2917 875 2952 tot
888 2915 905 2952 d.
920 2915 990 2952 Gesch.
1004 2915 1022 2953 d.

221 2962 294 3006 Evang.
307 2963 362 2999 Luth.
375 2963 428 2999 uera
439 2963 457 2999 V
470 2963 509 3007 174,
522 2964 573 2999 1844.
994 2965 995 2969 ’

184 3011 196 3047 3
220 3010 260 3047 Het
269 3012 359 3054 placeant
369 3021 406 3047 van
416 3011 473 3046 Karel
484 3011 506 3055 ll,
517 3010 551 3047 dat
561 3010 603 3047 hier
613 3009 697 3047 bedoeld
707 3010 777 3055 wurdt,
787 3011 803 3046 is
814 3010 922 3053 gedateerd
933 3011 956 3047 29
967 3011 1022 3055 april

222 3059 267 3095 1550
279 3057 317 3102 (zie
330 3058 395 3097 Groot
406 3058 487 3095 Placaat
499 3069 523 3095 en
536 3057 672 3096 Charterboelr
684 3068 721 3095 van
734 3058 843 3104 Vriesland‚
857 3058 890 3104 111,
903 3059 950 3103 191).
