2121 3546
550 195 580 238 62

136 313 172 367 da,
187 316 264 371 ipsam
277 317 380 371 resignat
394 321 544 373 veteremque
558 315 639 362 nidum
652 318 744 373 repetit.
760 315 811 362 Hac
826 333 904 362 rerum
918 318 994 362 varia·

134 378 197 422 tione
208 375 330 433 Reynerus
341 377 445 423 succedit
456 377 535 423 abbas.

133 436 179 481 Rei
207 436 407 482 administrandae
436 437 524 483 inutilis
554 454 650 494 prorsus
679 437 745 484 nulla
774 440 797 483 in
826 440 878 494 ipso
908 437 994 484 sollici·

134 494 197 548 tudo¹
222 495 288 541 nulla
311 498 334 541 in
358 495 427 541 rebus
452 496 561 552 gerendis
585 497 717 554 prudentia,
742 500 799 554 quin
823 500 875 554 ipsa
900 498 995 543 fortuna

134 553 188 600 huic
211 554 275 600 velut
299 555 394 611 indigno
419 572 520 602 noverca
544 561 568 602 et
592 559 672 614 iniqua
696 557 747 603 fuit.
781 557 859 603 Maior
883 573 995 614 pecorum

135 613 217 659 domus
243 630 286 671 per
297 615 463 671 negligentiam
488 618 591 673 incensa,
618 633 648 662 ex
674 619 765 672 integro
791 633 821 661 ne
847 619 927 673 stipite
953 633 995 673 ap-

134 678 239 729 parente,
252 678 421 720 concrematur.
434 673 502 720 Hanc
514 675 569 721 dum
580 680 714 722 restaurare
726 681 824 722 conatur
836 680 860 722 et
872 675 964 722 viribus
972 680 995 722 et

134 732 232 777 consilio
250 733 382 786 destitutus¹
400 739 521 780 contracto
538 751 593 781 aere
610 735 688 781 alieno
705 734 779 781 multa
796 735 900 793 praedia.
918 745 994 791 agros.

134 808 223 848 pascua
252 795 351 849 sumptis
373 796 478 850 pecuniis
499 797 655 851 oppignerare
676 796 772 850 cogitur,
796 794 858 841 unde
880 811 996 855 summum

136 857 278 900 monasterio
296 855 446 911 dispendium
463 859 563 900 creatur.
600 853 747 906 Quibusdam
764 864 832 910 agros
852 854 997 911 praediaque

134 916 278 972 negantibus,
289 919 388 962 caeteris
397 916 584 973 redemptionem
591 933 637 963 non
646 916 782 969 ferentibus,
792 918 897 973 sequitur
906 932 997 962 summa

134 995 213 1024 rerum
222 980 321 1035 penuria
331 984 354 1024 et
364 979 470 1024 defectus
483 995 488 1030 3
506 978 675 1024 exhauriuntur
685 980 806 1035 penuaria,
817 978 908 1032 horrca,
919 977 996 1024 molae

108 1037 109 1040 ’
136 1043 160 1083 et
177 1040 283 1095 pistrina.
319 1036 459 1084 Sacerdotes
477 1037 609 1084 hordeaceo
627 1054 689 1094 pane
707 1042 807 1095 sumpto.
826 1036 888 1083 facte
906 1054 995 1095 presso.

136 1101 236 1145 cervisia
246 1100 352 1145 destituti
362 1104 480 1156 potantur.
491 1099 597 1146 Tandem
608 1100 637 1146 de
648 1102 739 1145 ratione
749 1101 852 1146 omnium
862 1099 997 1146 reddituum

136 1161 259 1207 reddenda
272 1162 405 1207 meditatur.
419 1162 503 1207 Accito
517 1167 585 1218 patre
599 1161 683 1207 abbate
697 1160 828 1218 TzJalingio
842 1178 891 1207 rem
904 1178 997 1207 omnem

136 1222 165 1268 de
175 1240 301 1279 perperam
311 1223 475 1269 administrata
485 1223 606 1279 republica
617 1226 752 1277 monastica,
764 1226 841 1280 ipsum
852 1226 913 1269 veris
924 1225 996 1269 ratio·

136 1282 204 1328 nibus
214 1282 244 1328 de
252 1282 361 1328 socordia
369 1285 461 1336 victum.
472 1283 536 1328 vetut
544 1282 650 1328 inutilem
659 1283 740 1329 officio
748 1283 833 1328 cedere
841 1292 927 1339 cogunt
936 1299 997 1328 anno

136 1346 230 1390 sinistre
241 1345 450 1390 administrationis
462 1349 545 1390 octavo
557 1344 673 1402 redempti
684 1344 747 1390 orbis
760 1347 824 1390 1447.
838 1344 865 1390 In
877 1343 997 1402 Spannom

137 1406 239 1460 migrans
251 1403 365 1449 ecclesiae
376 1406 400 1449 in
411 1421 437 1450 se
447 1420 528 1449 curam
538 1409 658 1460 receptam
669 1406 810 1461 sesquianno
821 1409 903 1461 pastor
915 1404 997 1461 guber·

137 1471 178 1510 nat
191 1471 215 1511 et
228 1471 358 1511 conservat.
372 1465 428 1511 Vita
441 1466 535 1512 functus
549 1465 640 1511 Lidlom
653 1466 758 1511 defertur
772 1471 795 1512 et
809 1468 832 1511 in
847 1465 955 1512 aedicula
968 1466 996 1511 D.

136 1526 226 1584 Virgini
238 1544 306 1573 sacra
317 1527 447 1573 tumulatur
458 1544 520 1572 anno
533 1530 597 1573 1449!

400 1636 425 1686 a)
442 1636 535 1686 Tjabbo
551 1637 626 1680 abbas
642 1635 736 1679 XXIV.

138 1743 174 1790 Re
188 1761 242 1791 cum
255 1744 364 1802 Reynero
379 1750 499 1791 transacta
514 1745 612 1791 consilio
626 1745 774 1791 venerabilis*
783 1745 811 1791 D.
827 1744 952 1802 Tzialinpii
968 1744 999 1790 ad

97 1859 99 1862 Α
139 1807 279 1852 concordem
294 1807 432 1853 electionem
447 1808 560 1854 admoniti
575 1810 671 1854 summis
686 1810 746 1853 votis
762 1812 870 1864 optatum
885 1807 913 1852 D.
929 1806 998 1863 Tjeb·

137 1867 221 1914 bouem
233 1868 342 1914 abbatem
353 1871 480 1923 nominant,
494 1886 565 1927 quem
576 1871 688 1931 evestigio
700 1874 768 1926 pater
781 1869 854 1915 abbas
866 1869 997 1922 confirmat.

138 1944 253 1985 sacraque
262 1931 440 1985 inauguratione
450 1945 465 1975 a
475 1928 622 1986 Trajectensi
632 1931 765 1975 consecrari
776 1934 849 1975 curat.

137 1987 202 2033 Ante
235 1990 372 2033 monasterii
405 1990 537 2044 ingressum
569 1987 705 2045 Tjebbodus
740 1987 925 2046 praebendarius
961 2005 998 2034 ec·

138 2046 225 2093 clesiae
257 2047 284 2104 b)
317 2046 480 2103 Harlingensis
490 2048 563 2094 fuisse
597 2048 688 2094 dicitur.
724 2047 882 2105 Corpulentus
917 2064 998 2104 proce-

137 2123 178 2152 rae
210 2111 321 2160 staturae‚
348 2123 362 2152 a
393 2106 494 2153 Foikero
526 2107 649 2160 admissus,
682 2107 770 2153 ordinis
804 2110 904 2163 rigorem
937 2123 999 2153 sum-

138 2182 176 2211 ma
216 2165 347 2212 humilitate
387 2171 410 2212 et
449 2167 564 2213 modestia
604 2169 716 2224 sequitur.
758 2166 868 2212 Omnium
908 2168 931 2212 in
973 2183 999 2213 se

139 2227 228 2271 animos
261 2243 304 2271 sua
335 2225 481 2271 humanitate
513 2230 632 2283 provocat,
665 2226 733 2271 Prior
767 2226 909 2283 designatus.
945 2225 999 2271 Fol-

139 2288 190 2334 keri
206 2290 291 2345 iniquis
307 2289 420 2333 resistens
437 2286 565 2340 conatibus,
583 2302 678 2332 suorum
696 2287 795 2342 gratiam
812 2286 927 2340 venando.
945 2285 999 2331 reli-

140 2350 191 2405 quis
205 2364 273 2404 opem
287 2347 416 2393 ferentibus
429 2363 549 2392 carcerem
561 2350 665 2392 erectum
677 2347 766 2402 iniecta
779 2344 876 2391 flamma
889 2345 999 2399 incendit,

138 2410 245 2455 effractis
260 2411 325 2467 prius
341 2411 408 2455 ostiis
423 2410 530 2465 geminos
544 2410 631 2454 misere
648 2412 732 2465 captos
748 2424 879 2454 conversos
895 2424 998 2453 annosos

138 2469 233 2522 liberat;
252 2485 299 2526 quo
316 2469 382 2514 facto
399 2473 492 2513 tantum
509 2470 596 2513 meruit
612 2467 727 2520 favorem,
745 2472 772 2512 ut
789 2469 863 2524 ipsius
880 2471 999 2524 perpetuo

140 2545 262 2583 memores,
276 2531 362 2575 ostium
376 2527 544 2585 adipiscendae
558 2527 677 2584 dignitatis
691 2526 786 2573 futurae
799 2529 925 2584 aperuerit.
940 2525 1001 2572 Hinc

141 2591 255 2636 ecciesiae
272 2589 401 2636 Hornensis
418 2589 510 2635 insulae
526 2588 690 2645 Scellingauae
706 2605 763 2634 cura
780 2590 826 2646 ipsi
842 2590 1000 2634 committitur.

140 2652 178 2698 Sic
189 2654 291 2710 patriam
302 2669 368 2698 suam
379 2651 458 2697 multis
471 2652 590 2697 decoravit
601 2650 732 2697 virtutibus

139 2711 221 2758 Abbas
258 2711 346 2758 electus
385 2712 414 2757 de
451 2713 525 2757 veteri
562 2713 650 2767 pietate
687 2709 746 2755 nihil
783 2712 912 2764 remittens,
951 2726 1000 2756 om-

139 2771 207 2818 nibus
240 2771 362 2817 commodo
395 2772 446 2816 fuit
480 2770 649 2817 Dormitorium
681 2771 853 2824 canonicorum¹
888 2772 1000 2827 temporis

139 2841 266 2888 progressu
302 2830 476 2884 labefactatum,
515 2831 606 2887 magnis
633 2828 763 2886 sumptibus
802 2833 926 2890 restaurat,
965 2829 1000 2875 id-

140 2894 218 2948 ipsum
254 2895 278 2936 et
304 2907 416 2948 pecorum
452 2889 550 2936 stabulis
588 2891 713 2947 praestitit.
751 2888 853 2935 Multum
872 2890 873 2893 ’
891 2888 939 2935 fitis
978 2893 1001 2935 et

164 3013 185 3055 a)
210 3012 287 3055 Tjebbo
294 3024 302 3056 ,·
596 3011 618 3054 b)
642 3011 701 3047 adn:
720 3011 739 3047 S.
753 3010 855 3047 Michaelis
861 3022 870 3055 ;
