2121 3546
544 200 574 256 ιι

131 348 157 374 cx
173 340 256 381 utraque
273 340 331 382 parte
347 337 399 374 texit
416 339 435 373 et
452 338 505 374 intus
523 337 592 374 m'eliu's
610 336 739 381 reformavit3
763 340 783 373 et
794 337 911 380 'pomerium
929 337 991 374 maius

131 388 184 426 iecit.
198 388 235 426 Hic
248 398 320 425 novam
335 388 415 432 longam
429 387 514 433 domum,
529 388 562 424 ubi
575 387 637 426 boves
651 391 742 431 tempore
756 387 835 424 hiemali
850 390 957 431 pascuntur
971 390 992 424 et

131 439 231 476 frumenta
247 439 370 483 triturantur,
389 448 400 474 a
417 438 458 475 fine
475 448 537 481 usque
555 437 579 475 ad
596 438 658 475 finem
676 439 744 474 erexit.
763 436 857 474 Similiter
874 440 894 474 et
912 437 991 475 domum

133 500 236 526 vaccarum
251 495 272 525 et
287 488 350 525 adlruc
367 489 424 525 aliam
440 488 526 533 domum,
540 488 575 525 ubi
591 489 646 532 porci
663 489 810 532 inpinguantur,
827 489 905 525 noviter
922 489 991 525 erexit.

132 535 182 574 Sunt
192 536 254 573 adhuc
265 538 327 586 multa
337 537 375 573 alia
385 547 420 580 per
431 537 495 579 ipsum
504 536 564 581 iacta,
575 546 613 579 que
623 546 663 574 non
674 539 759 580 possunt
769 535 800 572 bic
811 536 878 574 omnia
889 536 992 574 conscribi.

132 587 169 624 Hic
195 586 282 623 redditus
309 587 448 624 conventuales
475 587 615 631 augmentavit,
641 589 662 623 et
682 586 815 624 molendinam
834 587 890 623 iuxta
910 590 993 630 pontem

133 638 226 681 episcopi,
240 638 302 674 veteri
316 648 326 673 a
341 636 473 674 Lewerdianis,
485 639 560 682 exusta,
575 638 643 673 erexit.
657 636 695 674 Hic
708 647 781 674 novum
795 639 877 680 pontem
891 639 912 673 et
926 638 993 681 latum,

134 689 221 746 ligneum
235 690 307 732 tamen,
323 687 375 731 apud
390 687 471 725 domum
486 688 655 774 carpentariorum
670 687 770 724 formavit

133 738 204 775 Hict
184 739 243 775 etiam
258 748 336 782 semper
351 737 375 774 de
390 741 449 775 nocte
464 738 565 775 matutinis
581 737 655 776 horis
650 738 752 775 interfuit
751 748 779 774 ac
794 737 868 774 diurnis
884 737 939 775 horis
954 748 991 794 pro

133 787 202 824 maiori
219 789 281 831 parte.
256 786 354 823 Htunc
370 796 429 823 nemo
445 796 538 830 umquam
554 787 642 824 ociosum
659 787 752 842 repperit.
739 785 858 823 Htict
838 787 897 823 etiam
914 787 991 830 magnis

134 835 233 872 laboribus
245 845 267 871 ac
279 835 334 872 mult
320 838 345 872 trs
357 836 444 878 pecuniis
456 836 549 880 erogatis,
562 838 660 878 tempore
664 835 790 872 illustrissimi
802 835 882 872 baronis
895 834 993 871 Wilhelmi

133 885 158 922 de
178 885 336 929 Roggendorf
331 896 351 922 ιιι
373 885 472 922 Lewerdia
495 885 559 923 locum
576 885 659 922 Cesaree
675 884 810 923 Maiestatist
811 894 861 922 enen
862 884 992 930 rs,quandam

134 936 211 978 partem
230 934 285 971 Bilde
305 944 315 969 a
335 934 419 971 Cesarea
437 933 544 970 Maiestate
562 933 680 978 impetravit,
700 936 760 977 prout
779 934 798 969 in
819 933 890 970 litteris
910 933 994 970 cesaree

134 984 244 1021 Maiestatis
258 984 343 1027 desuper
357 984 415 1022 editis
430 987 450 1020 et
464 984 560 1021 conlectis
569 994 598 1020 ac
612 984 662 1020 bene
676 983 860 1027 sigillatisplenius
875 985 993 1021 continetur.

133 1036 170 1073 Hic
180 1034 240 1071 etiam
260 1044 347 1077 pannum
361 1034 386 1070 de
400 1034 582 1071 nmsteiredanmis
597 1037 617 1070 et
631 1033 656 1070 de
670 1033 787 1077 Groningen
802 1035 839 1070 emi
855 1044 877 1071 ac
892 1035 994 1078 procurari

134 1084 187 1129 lecit,
213 1094 252 1127 ιιιιο
279 1094 376 1128 pauperes
402 1085 481 1122 vestivit
507 1095 529 1121 ac
555 1085 615 1121 etiam
642 1085 703 1121 multa
729 1085 784 1128 paria
811 1085 921 1123 calceorum
948 1085 992 1121 fieri

134 1133 187 1176 fecit,
201 1133 270 1175 quibus
284 1143 381 1176 pauperes
395 1134 495 1169 calceavit.
505 1132 573 1169 Multa
587 1133 625 1169 alia
640 1133 692 1169 bona
706 1133 760 1177 fecit,
774 1143 812 1176 que
826 1133 892 1169 omnia
906 1133 992 1169 scribere

134 1190 174 1217 non
186 1190 290 1224 possumus
302 1191 339 1224 pro
351 1180 481 1217 multitudine.
494 1181 549 1217 Obiit
561 1180 619 1217 Αιιιιο
631 1180 710 1218 Domini
724 1180 775 1224 1533,
788 1178 861 1217 Idibus1
873 1180 992 1224 Decembris,

134 1229 262 1271 sepultusque
274 1229 336 1265 estin
349 1228 410 1265 choro
422 1238 490 1266 versus
503 1231 596 1265 austrum.
610 1228 669 1265 Cuius
682 1228 803 1272 epitaphium
816 1228 847 1265 hic
859 1229 953 1271 sequitur.

135 1274 171 1317 (Er
180 1276 237 1319 volgt
246 1286 282 1312 een
291 1276 391 1318 loldlclrt).

136 1323 239 1368 Suppletio
253 1324 279 1366 a).
293 1324 329 1361 Hic
343 1324 403 1360 abbas
416 1324 488 1362 Paulus
502 1333 599 1360 cameram
613 1324 741 1360 braxatorum
756 1334 778 1360 ac
792 1322 872 1361 domum
886 1333 995 1368 pauperum

135 1375 176 1411 sive
192 1374 296 1419 hospitale,
312 1385 389 1411 necnon
406 1377 426 1410 et
442 1384 539 1410 cameram
556 1383 665 1411 messorum
681 1373 773 1411 fabricari
790 1374 842 1411 fecit.
860 1373 995 1412 Pavimentum

135 1426 195 1462 etiam
208 1424 278 1461 domus
292 1425 415 1468 capittularis
429 1425 522 1461 lateribus
536 1424 594 1461 variis
608 1425 683 1461 stravit.
697 1423 734 1460 Hic
748 1424 807 1461 etiam
822 1424 912 1461 baculum
926 1428 993 1468 pasto-

136 1475 197 1510 ralem
212 1474 299 1516 ligneum
313 1483 335 1509 ac
348 1472 388 1511 duo
403 1473 468 1516 lignea
482 1471 606 1517 candelabra,
620 1473 689 1515 quibus
704 1473 755 1509 cerei
770 1473 898 1516 imponuntur
913 1476 933 1509 et
948 1476 994 1509 ante
1019 1509 1021 1516 ,

135 1520 260 1569 sacerdotem
278 1521 422 1558 celebraturum
439 1520 560 1565 deferuntur,
578 1520 661 1558 formari
678 1520 732 1565 feeit,
751 1522 787 1557 etc.
817 1519 859 1557 Hic
877 1522 936 1558 etiam
954 1520 994 1558 duo

137 1570 206 1606 altaria
218 1569 238 1606 in
250 1570 331 1607 sollario
345 1572 390 1605 ante
403 1568 484 1606 chorum
496 1569 579 1606 formari
591 1570 650 1612 atque
663 1579 674 1604 a
686 1569 793 1605 venerabili
805 1567 905 1613 Magistro
918 1569 994 1606 Jacobo

135 1617 260 1654 Hebronensi
276 1617 370 1661 episcopo
387 1617 497 1655 consecrari
513 1617 567 1662 iecit,
583 1620 620 1653 etc.
651 1616 688 1653 Hic
716 1617 775 1654 etiam
803 1616 910 1654 Poliandra
938 1617 994 1654 huius

138 1665 294 1703 ιιιιιιιιιιιιιιιιοεΞ
310 1667 339 1703 bis
355 1666 476 1702 reconciliari
492 1665 545 1710 fecit,
555 1666 621 1702 -semel
638 1676 649 1701 a
664 1665 763 1708 Magistro
780 1665 855 1702 Jacobo
872 1664 996 1702 Hebronensi

137 1715 231 1757 episcopo
248 1724 270 1750 ac
287 1714 358 1750 iterum
376 1724 387 1749 a
404 1713 502 1756 Magistro
520 1712 611 1750 Johanne
628 1712 721 1749 Heetvelt
738 1713 832 1757 episcopo
851 1712 996 1758 Jeropoiitarm,

136 1764 269 1847 suffraganeis
282 1764 369 1807 episcopi
382 1763 512 1800 Traiectensis
525 1764 544 1800 in
558 1764 707 1807 pontificalibus
720 1764 733 1799 ³.

145 1812 249 1848 nciderrtia.

137 1860 181 1898 lstis
191 1859 313 1903 temporibus
324 1859 402 1902 puidam
412 1858 558 1904 prebendarius,
569 1856 649 1896 nornine
659 1858 746 1903 aggeus,
757 1859 805 1897 olim
815 1859 901 1896 famulus
913 1856 994 1904 abbatis,

136 1908 191 1945 dedit
204 1908 247 1945 huic
260 1909 365 1945 conventui
379 1918 452 1945 novum
465 1908 546 1944 calicem
560 1910 675 1958 argenteum
689 1910 709 1944 et
722 1909 829 1951 patenam3
849 1908 929 1951 insuper
942 1907 997 1945 dedit

136 1958 184 1995 duas
199 1959 274 1995 tunicas
290 1958 354 1995 blavei
368 1959 409 1995 sive
424 1958 471 1994 aerii
486 1959 559 1995 coloris
574 1957 658 1995 bissinas
672 1968 710 2002 pro
725 1957 809 1995 diacono
825 1960 845 1994 et
860 1957 996 2002 subdiacon03

136 2011 227 2053 preterea
246 2008 300 2045 dedit
318 2008 385 2053 viridis
404 2009 477 2045 coloris
496 2018 580 2052 cappam
598 2018 670 2045 novam
689 2008 788 2053 bissinam,
808 2010 828 2044 et
847 2009 933 2045 casulam
953 2019 996 2046 cum

136 2059 211 2095 duabus
222 2059 293 2097 tunicis
305 2058 392 2096 eiusdem
404 2059 476 2095 coloris
487 2058 586 2095 bissinam.
614 2077 616 2080 >
657 2106 659 2109 v

136 2108 205 2145 Petrus
226 2109 296 2153 Venlo,
317 2108 373 2145 huius
395 2109 433 2146 loci
449 2109 514 2145 abbas
536 2108 612 2152 XXVII,
634 2109 709 2151 prefuit
729 2109 786 2146 annis
800 2109 844 2145 fere
858 2110 874 2145 8.
890 2108 927 2146 Hic
942 2110 994 2146 intra

137 2158 239 2200 capitones
254 2157 397 2194 famosissimus
414 2156 441 2198 b).
457 2155 494 2193 Hic
505 2156 590 2193 ‘domum
606 2156 724 2206 gallinarum
741 2158 795 2194 retro
812 2156 837 2192 ad
853 2156 934 2195 domum
950 2167 996 2201 por-

137 2217 205 2245 corum
225 2207 324 2244 formavit,
346 2207 499 2243 Calefactorium
520 2206 660 2243 canonicorum
680 2207 736 2243 novis
757 2206 850 2243 sedilibus
872 2209 892 2243 et
912 2208 997 2245 scamnis

137 2257 220 2294 formari
236 2260 256 2293 et
271 2257 338 2294 ornari
354 2257 406 2293 lecit.
423 2256 460 2293 Hic
476 2257 535 2294 etiam
551 2259 636 2299 quatuor
652 2266 704 2294 nova
719 2256 788 2293 sedilia
805 2259 859 2294 retro
876 2257 895 2293 in
913 2258 996 2294 ecclesia

137 2305 220 2342 formari
232 2306 293 2342 iecit:
312 2305 351 2342 duo
365 2307 411 2341 ante
424 2305 486 2341 altare
500 2303 571 2341 Sancte
585 2305 652 2343 Crucis
665 2307 685 2342 et
699 2305 738 2342 duo
752 2307 797 2341 ante
811 2305 874 2342 altare
887 2305 995 2349 Apostolo-

138 2363 181 2390 rum
195 2353 220 2395 ι).
236 2352 272 2390 Ηιι
288 2353 347 2390 etiam
363 2352 501 2398 molendinam,
517 2363 575 2395 auam
592 2353 651 2389 abbas
667 2352 739 2391 Paulus
756 2356 852 2398 erexerat,
869 2352 957 2390 vendidit
973 2364 996 2390 ae

138 2412 210 2439 novam
220 2402 239 2438 in
250 2401 320 2439 eodem
331 2401 376 2440 loco
386 2402 491 2438 fabricavit
501 2404 521 2438 et
533 2401 596 2438 erexit
607 2401 633 2443 ιι).
641 2400 681 2438 'llic
692 2401 777 2446 tandem,
789 2410 864 2438 summa
876 2404 896 2438 et
907 2404 996 2439 extrema

137 2451 255 2487 necessitate
272 2451 391 2494 compulsus,
408 2460 480 2487 novam
497 2449 626 2486 infirmariam
644 2450 738 2495 extruxit,
757 2450 849 2493 quoniam
867 2452 923 2499 vetus
941 2450 997 2487 infir·

138 2500 237 2537 mitorium
252 2501 330 2543 penitus
345 2501 454 2544 collapsum
469 2499 512 2545 fuit,
527 2509 568 2537 non
583 2499 657 2538 liabens
672 2502 746 2537 tectum
761 2509 825 2544 neque
837 2499 947 2545 sollarium,
962 2499 997 2537 sed

162 2684 182 2726 a)
207 2684 240 2722 Dit
251 2685 348 2727 gedeelte
358 2695 384 2728 ge
384 2684 420 2728 ιιιι
429 2685 464 2722 lre
456 2685 579 2728 tvolgende
589 2685 641 2728 getr
633 2684 690 2727 eld
690 2683 822 2728 ,Incidentra'z
832 2695 849 2722 rs
860 2694 888 2729 op
899 2685 937 2722 den
949 2684 998 2721 rand

138 2735 173 2771 der
185 2735 281 2778 bladzlr'de
285 2735 446 2793 brigesclrreven.

162 2784 183 2826 b)
209 2785 255 2821 Hier
265 2785 302 2842 Ζιιιι
311 2786 361 2822 rulrn
372 2787 422 2822 tvee
431 2786 497 2828 regels
507 2785 648 2828 doorgelaaald.

162 2834 181 2877 c)
207 2835 253 2871 Hier
266 2835 303 2877 ιιιιι
317 2837 367 2871 twee
380 2836 446 2879 regels
460 2835 601 2879 doorgelraald.

162 2885 184 2972 cll)
208 2886 264 2922 Ruim
278 2895 339 2922 zeverr
353 2887 418 2929 regels
432 2885 574 2929 doorgelraald.

199 2935 220 2971 ln
232 2935 265 2972 het
277 2935 313 2972 hs:
327 2935 376 2973 ldus.
389 2934 396 2954 ²
407 2936 452 2979 Vgl.
465 2946 514 2973 voor
527 2936 551 2972 de
563 2936 677 2974 beteekenis
689 2935 806 2980 Wijbrands,
819 2935 880 2973 Gesta
893 2937 946 2981 paor
960 2937 996 2973 ιι.1.

161 2983 173 3019 3
198 2983 257 3019 Beide
274 2994 339 3020 waren
355 2983 485 3026 suffraganen
502 2994 539 3019 van
557 2983 651 3027 Bisschop
669 2983 729 3027 Filips
746 2994 783 3020 van
802 2983 942 3028 Bourgondie3
966 2986 996 3021 zie

197 3029 257 3075 Dodt,
267 3030 353 3076 asemel,
364 3031 370 3067 l
381 3031 398 3076 2,
408 3032 445 3067 blz.
456 3032 467 3067 3
477 3031 516 3074 vlg.
