2121 3546
463 265 492 313 57

272 388 392 434 'lotardus
402 390 526 441 (szaard)
537 390 612 434 abbas
622 386 680 434 XX.

48 508 153 556 Ecclesia
165 508 320 556 lidlomensis
333 509 436 567 legitimo
449 508 532 555 orbata
544 514 646 566 pastore.
659 526 689 555 ne
702 509 797 556 cuilibet
811 508 909 555 inhianti

48 575 140 629 pateret
162 570 225 628 lupo,
248 571 276 617 D.
293 570 446 617 Gerbrandus
461 575 529 628 pater
545 570 617 616 abbas
634 570 755 617 celeritate
770 588 827 618 usus
844 570 909 616 filiae

4 634 6 637 ’
48 649 105 679 suae
114 632 196 686 adluit,
206 632 236 678 de
245 649 306 679 novo
316 632 403 690 sponso
412 632 521 689 eligendo
531 632 631 678 sollicite
640 635 694 690 agit.
705 632 796 679 Emisso
807 650 909 690 precone

48 694 140 750 collegii
151 694 243 748 iratres.
256 693 408 741 ecclesiarum
419 699 527 751 pastores
539 699 691 752 caeterosque
703 711 784 741 omnes
796 711 908 752 praesen-

48 761 83 802 tes
96 755 161 812 iubet
173 755 263 810 adesse,
276 756 359 813 quibus
372 755 477 802 collectis
489 755 569 802 habita
581 758 687 802 oratione
695 755 820 803 >electionis
833 773 909 802 novae

47 819 163 863 rationem
178 820 294 874 proponit
313 817 427 863 Coenobit
417 822 457 863 tae
473 817 639 875 obsequentes
647 818 694 864 suti
695 821 761 875 ragia
778 835 821 876 pro
822 818 908 872 terunt,

48 878 131 936 quibus
147 877 271 925 intellectis
288 879 404 925 salutatur
420 879 492 925 abbas
508 879 536 925 D
552 871 668 925 Tetardus
684 878 853 937 Scellinganus.
871 896 909 925 ec-

48 940 140 986 clesiae
143 939 314 986 Vinssomanae
324 941 461 987 deeanust
437 958 451 986 e
451 945 569 998 tpastor¹
588 941 741 987 confirmatus
752 944 908 1025 consecratio·

49 1018 102 1048 nem
113 1018 128 1047 a
135 1000 287 1061 Trajectensi
298 1004 454 1107 consequitur

49 1061 106 1107 Erat
132 1058 247 1107 Tetardus
274 1064 369 1108 natione
396 1061 558 1118 Scellinganus
585 1064 639 1119 pagi
666 1022 818 1109 Hoornensis
857 1062 908 1108 Pri·

49 1123 92 1166 mis
119 1123 281 1177 grammatices
307 1122 445 1167 rudimentis
471 1124 605 1175 instructus,
632 1125 800 1168 monasterium
826 1121 909 1167 relicta

49 1180 126 1227 insula
152 1180 250 1226 accedit.
277 1180 415 1227 Ulterius
409 1197 432 1226 ιιι
460 1198 486 1226 re
513 1180 617 1226 literaria
644 1190 789 1238 progressus,
818 1181 909 1227 solidae

50 1241 170 1287 doctrinae
194 1245 287 1296 gustum
310 1243 449 1298 assequitur.
474 1239 585 1286 Collectis
609 1257 639 1286 ex
662 1239 739 1286 insula
762 1240 909 1287 haereditate

49 1305 148 1357 paterna
159 1301 270 1357 pecuniis.
283 1300 366 1357 quibus
379 1317 409 1345 ex
420 1301 540 1371 marsupio
551 1304 644 1345 monast
634 1301 681 1345 tico
693 1299 788 1346 additur
800 1317 908 1346 necessa·

48 1362 108 1406 rium
132 1360 254 1417 reliquum,
280 1359 391 1416 Angliam
416 1361 511 1405 maioris
529 1359 666 1405 eruditionis
685 1360 815 1416 capiendae
834 1362 909 1416 gratia

48 1423 143 1478 trajicit
157 1421 184 1466 ln
197 1422 318 1467 academia
331 1421 461 1467 Oxoniensi
473 1423 615 1478 utriusque'
609 1423 667 1478 juris
680 1424 826 1495 promotione
840 1421 908 1467 deco·

49 1488 120 1536 ratus
135 1482 205 1528 rediit
220 1482 326 1529 feliciter.

49 1542 130 1588 Abbas
164 1545 350 1599 pronunciatus
366 1544 478 1599 pietatem
512 1546 615 1588 sectatur
650 1558 754 1599 suaeque
788 1543 909 1589 doctrinae
941 1558 943 1560 ·

50 1603 151 1649 fructum
177 1604 260 1659 recipit
287 1602 445 1655 uberrimum
481 1606 572 1648 maturo
600 1618 704 1659 sanoque
732 1602 829 1648 consilio
857 1601 909 1660 plu-

49 1665 133 1708 rimum
145 1661 225 1719 ptolle.

49 1722 95 1767 Pro
113 1721 228 1778 pastorali
245 1703 403 1768 sollicitudine
421 1723 505 1767 anxius
531 1723 596 1778 ipsus
622 1721 722 1767 fratrum
748 1723 909 1779 possessiones

49 1782 158 1835 lustrans
173 1781 203 1827 ad
216 1781 343 1835 iidem't
309 1798 332 1827 ιιι
333 1783 418 1838 tegrita
418 1785 467 1826 tem
479 1786 502 1827 et
515 1780 674 1826 obedientiam
685 1780 739 1827 hort
729 1786 799 1828 t.atur
813 1781 910 1827 Medom

48 1844 144 1887 veniens
154 1816 241 1886 iratres
251 1841 362 1887 admonet
372 1841 508 1897 religionem
518 1845 610 1887 monast
611 1841 671 1886 icam
681 1845 707 1887 ut
718 1840 810 1887 fervent
800 1846 816 1896 t,
828 1841 910 1887 audita

49 1901 202 1955 confessione,
216 1901 319 1947 instabat
332 1917 416 1958 nempe
429 1900 527 1954 Pascha,
537 1917 657 1956 summum
671 1900 858 1947 Christianorum
872 1918 908 1946 sa·

49 1978 120 2007 crum.
144 1960 191 2006 Pro
215 1961 377 2007 conservanda
393 1962 529 2006 monasterii
545 1960 658 2006 adversus
675 1962 722 2006 vim
739 1966 762 2007 et
779 1963 910 2018 potentiam

49 2020 194 2077 perfidorum
223 2020 342 2067 hominum
372 2020 539 2077 jurisdictione.
555 2075 556 2078 Ἴ
570 2022 740 2066 communicato
769 2038 822 2067 cum
852 2023 909 2077 ipsis

49 2080 153 2134 consilio,
182 2089 281 2136 magnae
309 2080 452 2126 tortitudinis
481 2084 585 2126 castrum
612 2096 640 2125 eo
670 2079 715 2125 loci
744 2082 834 2137 erigere
862 2085 909 2126 sta·

49 2142 100 2186 tuit.
147 2139 212 2185 Haec
251 2158 281 2186 ex
319 2140 402 2186 inditio
441 2139 577 2186 subodorati
616 2138 773 2197 Syardamani
811 2139 908 2194 nobiles.

49 2200 112 2257 quod
122 2199 215 2245 illorum
226 2199 328 2257 idipsum
337 2199 479 2257 quandoque
489 2199 572 2245 obesse
582 2204 663 2256 posset
673 2199 799 2256 tyrannidi,
811 2216 910 2257 quorum

49 2267 104 2307 tunc
117 2263 229 2318 temporis
243 2278 334 2308 summa
346 2266 398 2307 erat
410 2266 516 2318 potestas
529 2266 553 2307 et
567 2261 694 2306 dominium
706 2289 737 2296 —
750 2266 776 2308 nt
789 2264 813 2306 in
827 2263 910 2307 maiori

49 2326 130 2367 nostro
141 2321 211 2367 latius
223 2321 337 2378 patebunt
348 2321 430 2367 codice
440 2349 470 2355 —
481 2323 559 2378 ipsum
570 2320 713 2375 redeuntem,
727 2321 866 2367 desideratis
879 2338 910 2366 ex

48 2383 167 2427 conversis
192 2381 304 2427 fratribus
328 2385 436 2438 quatuor.
462 2379 711 2438 reliquis'vulneratis¹
730 2385 822 2426 armata
839 2397 910 2426 manu

48 2442 242 2500 comprehensum
258 2443 289 2489 ad
304 2459 372 2489 suum
386 2447 490 2488 castrum
505 2441 598 2499 Syarda
614 2441 741 2488 deductum
756 2442 838 2488 ferreis
855 2459 910 2488 con-

51 2507 167 2561 stringunt
183 2504 334 2561 compedibus
350 2509 374 2550 et
389 2506 479 2550 carceri
494 2503 603 2561 squalido
618 2505 733 2560 injiciunt.
751 2503 811 2550 Hinc
828 2506 911 2550 maiori

49 2566 129 2613 furore
138 2568 228 2623 perciti,
240 2571 381 2623 congregato
391 2582 449 2612 suae
459 2565 541 2612 classis
553 2564 706 2622 Sciringanae
716 2569 822 2612 exercitu
831 2565 910 2613 valido

48 2630 126 2685 ipsum
136 2630 304 2674 monasterium
315 2628 434 2682 invadunt.
447 2630 535 2685 injecta
548 2627 645 2673 flamma
656 2628 790 2674 incendunt.
805 2627 910 2684 insignes

48 2689 185 2735 colonorum
197 2689 268 2736 aedes
282 2692 504 2747 possessionumque
516 2691 697 2745 praecipuarum
710 2695 789 2744 castra
802 2689 910 2746 Valinga¹

48 2750 170 2808 Vobbinga
181 2753 204 2796 in
216 2750 329 2809 Veydom.
343 2750 465 2797 Cadahool
476 2752 491 2805 ¹,
503 2750 621 2796 Amkama
632 2752 656 2796 in
667 2750 784 2806 Berllrom.
798 2751 911 2797 sacellum

48 2815 72 2858 in
84 2812 212 2870 Fraenjom
220 2813 254 2870 a),
267 2813 397 2870 Antiquam
409 2812 502 2859 Vallem
515 2812 643 2858 incendunt
656 2818 680 2858 et
692 2818 807 2859 evertunt.
821 2813 911 2860 Horum

49 2877 152 2921 omnium
165 2874 213 2920 dux
226 2879 250 2920 et
262 2877 429 2932 antesignanus
442 2876 520 2921 extitit
533 2873 603 2920 Sicko
618 2873 716 2932 Syarda.
731 2874 826 2922 Allardi
839 2874 910 2930 tilius.

72 2999 92 3042 a)
117 2999 176 3035 add:
195 3000 215 3035 et
228 2997 309 3036 Medum
316 3010 324 3043 ;

75 3086 83 3122 l
109 3084 205 3130 Koehool‚
217 3086 251 3122 ten
263 3084 317 3122 N.W.
329 3095 367 3121 van
379 3084 520 3128 Tiummarum.
