2121 3546
487 262 512 305 11

62 382 146 431 abbate
158 384 240 439 primo,
266 380 363 438 Sibriga,
378 380 469 428 abbatis
483 380 576 428 Ottonis
589 398 662 436 soror,
676 379 748 427 Elske
762 378 920 436 Groningana,

61 445 117 491 Eets
131 442 298 497 Leovardiana,
315 441 368 489 Tett
382 442 523 497 Marnensis,
538 441 607 489 Tetta
622 460 652 488 ex
663 441 797 497 ‘Vestringis
817 440 921 499 {Vester-

62 505 115 563 goa}
126 506 198 550 -sic
207 504 276 558 dicta,
285 504 349 562 quod
357 509 463 561 tempore
472 503 514 550 illo
523 503 552 550 ob
560 506 631 550 maris
641 503 789 550 interluentis
800 503 826 561 o)
835 502 922 549 lretum

61 567 80 613 F
81 568 137 612 risia
150 565 212 611 loret
224 564 364 620 bimembris,
378 566 448 612 modo
461 568 532 611 maris
545 582 641 612 recessu
654 568 677 611 in
691 581 776 611 novam
790 569 877 610 terram
891 580 921 608 ex
945 592 946 595 =

61 627 179 675 alluvione
195 631 291 682 mutata,
308 628 390 673 coierit
412 656 443 662 —
465 627 601 683 Margareta
618 626 787 683 Groningensis
805 630 828 672 et
845 625 921 671 altera

62 688 167 736 eiusdem
175 688 256 746 oppidi
265 694 288 734 et
297 691 403 742 nominis,
413 688 499 735 Winna
509 689 538 735 de
548 688 680 746 Optvijsel¹,
692 687 748 741 Ints,
759 703 826 734 soror
834 686 862 744 b)
870 685 920 733 Gil-

61 749 226 807 derdi'prioris
239 751 263 794 in
276 748 389 796 Dockum.
403 748 456 795 Hae
469 748 537 796 simul
550 748 648 795 navibus
662 750 792 806 impositae,
807 747 920 794 abeuntes

59 819 169 866 magnum
186 809 307 866 planctum
323 815 346 856 et
364 809 448 856 fletum
465 808 574 864 excitant,
594 826 652 866 quas
671 810 780 856 residuae
798 813 921 855 manentes

61 887 180 928 nunquam
189 888 214 917 se
224 873 314 917 visuras
324 872 443 929 c)rursu1n
452 876 582 928 sperarent.
592 870 758 929 d)Hamburga
767 870 831 917 felici
841 871 920 927 auspi·

61 935 97 978 cio
110 930 245 977 Slavoniam
257 931 377 989 appulere,
391 931 420 978 ab
433 932 562 978 Anastasia
574 948 665 978 summa
677 931 822 978 humanitate
835 946 920 987 excep-

61 999 106 1040 tae.
127 992 213 1048 Divisis
232 997 332 1051 utroque
352 993 402 1039 lilio
422 993 521 1040 ducatus
540 993 694 1039 Pomeraniae
714 993 846 1050 provinciis,
868 994 920 1049 ipsa

62 1055 223 1107 concomitata.
241 1052 334 1100 Rubum
351 1056 359 1077 ²
376 1053 470 1108 adeunt,
488 1070 579 1100 summa
595 1053 726 1099 humilitate
743 1053 832 1099 ordinis
849 1054 920 1110 rigori

62 1120 135 1161 semet
148 1114 293 1161 submittens.

62 1175 157 1222 Summa
167 1175 220 1222 huic
230 1174 346 1222 Sibrando
356 1179 379 1222 in
390 1176 538 1222 instituendis
550 1176 656 1222 doctrina
667 1181 690 1222 et
701 1175 832 1222 eruditione
843 1192 920 1222 sacer·

62 1237 155 1284 dotibus
173 1254 230 1284 cura
248 1237 299 1284 luit.
318 1237 442 1284 Accersito
459 1238 562 1295 quodam
580 1240 691 1294 magistro
710 1237 843 1292 Frederico,
862 1253 921 1295 prae

62 1301 161 1345 caeteris
189 1298 279 1345 Frisiae
306 1298 443 1345 literaturae
462 1299 593 1346 candidatis
614 1301 747 1355 conspicuo,
768 1301 845 1356 ipsum
865 1299 921 1345 dato

62 1361 179 1417 stipendio
190 1363 308 1407 canonicis
319 1360 428 1417 praeficit
439 1365 510 1418 atque
520 1362 544 1406 in
555 1377 582 1407 re
592 1360 702 1415 literaria,
715 1365 794 1406 erecta
805 1359 886 1417 schola
897 1362 920 1406 in

62 1423 204 1467 monasterio
218 1420 318 1478 publica,
334 1422 360 1479 e)
374 1426 438 1467 recte
452 1423 574 1467 instituere
588 1423 710 1479 praecipit.
725 1421 782 1467 Post
797 1420 921 1467 lectionem

62 1480 253 1539 pomeridianam,
268 1497 329 1538 quae
342 1483 427 1529 maiori
440 1486 508 1539 parte
521 1480 644 1527 constabat
658 1484 851 1538 interpretatione
865 1498 921 1539 poe·

62 1548 148 1589 tarum:
165 1541 263 1599 Virgilii,
281 1542 366 1597 Ovidii,
384 1541 497 1596 Sallustii,
515 1541 641 1597 Ciceronis,
659 1541 764 1589 Terentii
781 1548 805 1589 et
822 1541 920 1597 Horatii,

62 1607 155 1660 sumpto
164 1602 264 1659 prandio
273 1602 444 1649 ecclesiasticos
454 1602 558 1660 praelegi
569 1602 633 1659 jubet
645 1620 650 1648 z
660 1602 817 1658 Ambrosium,
828 1603 921 1660 Augus·

62 1666 142 1718 tinum,
160 1663 298 1721 thsalmos
315 1663 448 1718 Davidicos,
463 1669 491 1710 -ut
508 1664 608 1710 lectione
624 1669 724 1721 utraque
741 1666 855 1719 instructi,
872 1681 923 1710 rem

63 1724 217 1782 theologicam
230 1724 343 1771 haberent
356 1724 474 1771 excultam
483 1728 497 1771 ³.
510 1724 603 1782 Aperta
616 1725 696 1772 schola
709 1724 810 1783 publica,
824 1735 921 1783 magnus

61 1785 92 1832 ad
107 1788 184 1843 ipsum
200 1786 351 1833 Fredericum
368 1789 480 1844 iuvenum
495 1786 677 1834 erudiendorum
693 1804 820 1834 concursus
837 1789 921 1833 extitit.

63 1847 99 1893 Ex
114 1847 211 1906 Gryn
224 1847 338 1905 oppidulo
352 1848 383 1895 ad
397 1851 457 1895 ostia
471 1848 538 1895 Flevi
553 1848 678 1895 fluminis'
672 1865 770 1905 luvenes
785 1849 922 1896 instituendi

63 1909 212 1965 postmodum
225 1912 298 1956 sacris
312 1911 438 1964 initiantur,
453 1912 498 1956 ut'
492 1927 516 1955 m
529 1910 680 1968 sequentibus
695 1915 736 1967 pat
726 1909 790 1956 tebit

64 1967 142 2015 His'
119 1986 158 2026 pre
158 1971 214 2015 tatis
227 1969 336 2026 operibns
349 1974 464 2027 perpetuo
477 1972 587 2025 intentus,
602 1986 663 2017 anno
677 1970 725 2016 ab'
719 1975 798 2028 mcept
798 1988 813 2017 o
825 1987 922 2017 munere

63 2033 153 2084 octavo,
171 2030 287 2087 redempti
304 2029 366 2076 orbis
386 2033 443 2077 1238
460 2030 505 2076 XII
524 2006 643 2119 Calebdas
661 2029 832 2088 Septembris⁶
850 2033 922 2078 vitam

63 2094 138 2136 morte
151 2094 284 2136 commutat

87 2397 156 2439 a)s

88 2446 109 2488 ιι)

87 2496 107 2537 c)
131 2495 205 2532 invita
217 2495 268 2538 bac,-

88 2545 109 2587 ιι)
134 2523 288 2588 Hamburgani
281 2553 383 2588 ingressae
395 2545 519 2581 Sclavom'am
531 2545 699 2589 postcummun

88 2594 108 2636 e)

132 2594 189 2630 instit
181 2594 265 2630 tuendae
273 2594 370 2631 iuventus
364 2603 381 2630 rs
390 2603 456 2631 curam
465 2594 494 2630 ιἩιΙ
504 2595 616 2637 committit,
626 2597 672 2632 ante
682 2595 783 2632 meridiem
794 2596 923 2639 ethnicorum,

62 2645 172 2687 poetarum,
184 2643 323 2680 historicorum
336 2642 403 2680 andita
414 2643 506 2686 lectione,
519 2645 598 2687 sumpto
611 2644 695 2686 prandio
697 2672 731 2681 ......
738 2656 746 2688 ι

87 2692 105 2734 t)
136 2695 156 2729 et
169 2692 316 2734 Hieronymum.

89 2791 97 2826 1
123 2790 206 2835 Tw'u'zel,
219 2789 269 2826 Z.W.
281 2800 318 2826 van
330 2790 453 2834 Buitenpost.

88 2839 99 2875 2
124 2838 330 2876 Praemonstratenser
347 2838 536 2883 vrouwenklooster,
554 2838 621 2880 Rubus
639 2839 657 2876 S.
675 2840 751 2877 Mariae
770 2841 871 2884 genaamd.
890 2841 923 2878 Zie

122 2888 143 2924 K.
156 2886 288 2972 ΗοῖιΙεξιὸιιες,7
292 2887 329 2924 Die
342 2886 412 2924 Stifter
425 2887 465 2925 und
479 2887 558 2925 Kloster
572 2888 607 2924 der
620 2888 704 2927 Provinz
718 2889 829 2934 Pommem,
844 2889 917 2928 Stettin

88 2985 99 3020 3
124 2984 177 3021 Deze
189 2984 254 3027 lezing
265 2985 319 3028 wijkt
331 2984 400 3028 geheet
413 2985 433 3021 af
444 2995 482 3021 van
494 2985 526 3022 die
537 2984 572 3022 der
584 2985 651 3031 Gesta,
663 2996 681 3030 p.
696 2986 734 3023 173.

88 3035 100 3069 4
125 3032 193 3078 Grind,
205 3033 297 3071 tusscben
310 3033 419 3077 Harlingen
432 3044 456 3072 en
468 3034 506 3071 Ter
519 3033 625 3078 Schelting.

88 3083 99 3120 5
123 3084 145 3120 21
158 3082 264 3127 Augustus.
